sn,contract,symbol,buyer,seller,qty,rate,amt,date
34345,2020082601000001,OHL,16,37,10,365.0,3650.0,2020-08-26
34344,2020082601000002,HGI,25,10,100,471.0,47100.0,2020-08-26
34343,2020082601000003,HGI,25,41,100,471.0,47100.0,2020-08-26
34342,2020082601000004,PRIN,40,39,10,550.0,5500.0,2020-08-26
34341,2020082601000005,IGI,57,38,20,507.0,10140.0,2020-08-26
34340,2020082601000006,BFC,46,8,10,96.0,960.0,2020-08-26
34339,2020082601000007,NMB,25,55,385,442.0,170170.0,2020-08-26
34338,2020082601000008,NMB,25,14,115,442.0,50830.0,2020-08-26
34337,2020082601000009,PCBL,39,49,200,285.0,57000.0,2020-08-26
34336,2020082601000010,PCBL,19,49,10,285.0,2850.0,2020-08-26
34335,2020082601000011,PLIC,59,56,10,630.0,6300.0,2020-08-26
34334,2020082601000012,KRBL,34,42,100,108.0,10800.0,2020-08-26
34333,2020082601000013,SINDU,34,19,100,135.0,13500.0,2020-08-26
34332,2020082601000014,CCBL,38,59,50,182.0,9100.0,2020-08-26
34331,2020082601000015,API,45,32,10,113.0,1130.0,2020-08-26
34330,2020082601000016,NMBMF,32,14,10,827.0,8270.0,2020-08-26
34329,2020082601000017,HIDCL,3,52,10,134.0,1340.0,2020-08-26
34328,2020082601000018,HURJA,51,34,20,94.0,1880.0,2020-08-26
34327,2020082601000019,SJCL,45,17,10,129.0,1290.0,2020-08-26
34326,2020082601000020,SABSL,19,28,10,832.0,8320.0,2020-08-26
34325,2020082601000021,HDHPC,39,50,20,96.0,1920.0,2020-08-26
34320,2020082601000022,CCBL,38,34,397,182.0,72254.0,2020-08-26
34239,2020082601000023,NRIC,45,39,20,673.0,13460.0,2020-08-26
34217,2020082601000024,UPPER,42,56,50,228.0,11400.0,2020-08-26
34213,2020082601000025,IGI,57,46,30,507.0,15210.0,2020-08-26
34210,2020082601000026,NRIC,6,38,40,680.0,27200.0,2020-08-26
34209,2020082601000027,NRIC,6,46,160,680.0,108800.0,2020-08-26
34208,2020082601000028,GBIME,50,28,200,255.0,51000.0,2020-08-26
34207,2020082601000029,NMB,21,33,200,429.0,85800.0,2020-08-26
34206,2020082601000030,NMB,21,34,20,434.0,8680.0,2020-08-26
34204,2020082601000031,PRIN,40,33,490,559.0,273910.0,2020-08-26
34201,2020082601000032,NRIC,19,46,500,680.0,340000.0,2020-08-26
34197,2020082601000033,GBLBS,36,1,10,517.0,5170.0,2020-08-26
34185,2020082601000034,SLICL,28,28,20,525.0,10500.0,2020-08-26
34184,2020082601000035,SLICL,28,19,30,525.0,15750.0,2020-08-26
34180,2020082601000036,NRIC,3,46,55,680.0,37400.0,2020-08-26
34179,2020082601000037,LGIL,57,43,25,485.0,12125.0,2020-08-26
34172,2020082601000038,NRIC,38,46,110,680.0,74800.0,2020-08-26
34168,2020082601000039,NRIC,16,46,20,680.0,13600.0,2020-08-26
34163,2020082601000040,SLICL,4,52,54,530.0,28620.0,2020-08-26
34162,2020082601000041,SLICL,4,11,600,530.0,318000.0,2020-08-26
34161,2020082601000042,SLICL,4,8,100,530.0,53000.0,2020-08-26
34160,2020082601000043,SLICL,4,34,50,530.0,26500.0,2020-08-26
34150,2020082601000044,EBL,54,22,50,729.0,36450.0,2020-08-26
34149,2020082601000045,NRIC,6,29,50,679.0,33950.0,2020-08-26
34105,2020082601000046,HDHPC,39,34,20,95.0,1900.0,2020-08-26
34104,2020082601000047,HDHPC,39,39,20,95.0,1900.0,2020-08-26
34103,2020082601000048,HDHPC,39,58,200,95.0,19000.0,2020-08-26
34102,2020082601000049,HDHPC,39,52,50,95.0,4750.0,2020-08-26
34101,2020082601000050,HDHPC,39,39,20,95.0,1900.0,2020-08-26
34100,2020082601000051,HDHPC,39,25,100,95.0,9500.0,2020-08-26
34099,2020082601000052,HDHPC,39,49,50,96.0,4800.0,2020-08-26
34098,2020082601000053,HDHPC,39,11,20,96.0,1920.0,2020-08-26
34097,2020082601000054,HDHPC,39,1,30,96.0,2880.0,2020-08-26
34091,2020082601000055,NRIC,37,46,50,680.0,34000.0,2020-08-26
34090,2020082601000056,NRIC,58,46,20,680.0,13600.0,2020-08-26
34084,2020082601000057,NRIC,3,46,15,680.0,10200.0,2020-08-26
34076,2020082601000058,UPPER,42,45,43,230.0,9890.0,2020-08-26
34072,2020082601000059,SABSL,38,19,100,821.0,82100.0,2020-08-26
34067,2020082601000060,NRIC,28,46,50,680.0,34000.0,2020-08-26
34066,2020082601000061,NIL,19,46,300,730.0,219000.0,2020-08-26
34065,2020082601000062,NMB,36,33,200,429.0,85800.0,2020-08-26
34064,2020082601000063,SHPC,58,58,3000,236.0,708000.0,2020-08-26
34058,2020082601000064,NRIC,44,46,20,680.0,13600.0,2020-08-26
34057,2020082601000065,NRIC,44,45,380,680.0,258400.0,2020-08-26
34051,2020082601000066,NRIC,6,45,120,680.0,81600.0,2020-08-26
34050,2020082601000067,NRIC,6,49,50,680.0,34000.0,2020-08-26
34044,2020082601000068,WOMI,14,45,20,918.0,18360.0,2020-08-26
34043,2020082601000069,API,44,45,200,111.0,22200.0,2020-08-26
34040,2020082601000070,AIL,45,42,10,513.0,5130.0,2020-08-26
34034,2020082601000071,NRIC,6,36,50,680.0,34000.0,2020-08-26
33997,2020082601000072,NRIC,33,56,100,683.0,68300.0,2020-08-26
33996,2020082601000073,NRIC,33,13,100,683.0,68300.0,2020-08-26
33991,2020082601000074,NMB,58,22,10,428.0,4280.0,2020-08-26
33987,2020082601000075,HDHPC,39,6,500,95.0,47500.0,2020-08-26
33986,2020082601000076,HDHPC,39,1,900,96.0,86400.0,2020-08-26
33985,2020082601000077,HDHPC,39,52,50,97.0,4850.0,2020-08-26
33982,2020082601000078,SIL,52,46,100,680.0,68000.0,2020-08-26
33973,2020082601000079,API,44,32,190,111.0,21090.0,2020-08-26
33954,2020082601000080,SCB,54,22,20,659.0,13180.0,2020-08-26
33951,2020082601000081,NRIC,41,56,100,682.0,68200.0,2020-08-26
33950,2020082601000082,NRIC,43,57,40,681.0,27240.0,2020-08-26
33949,2020082601000083,ALBSL,18,4,10,752.0,7520.0,2020-08-26
33947,2020082601000084,AKPL,49,16,250,120.0,30000.0,2020-08-26
33946,2020082601000085,PLIC,14,34,25,620.0,15500.0,2020-08-26
33942,2020082601000086,NRIC,42,56,50,682.0,34100.0,2020-08-26
33936,2020082601000087,HDHPC,39,39,20,98.0,1960.0,2020-08-26
33934,2020082601000088,NRIC,50,56,300,682.0,204600.0,2020-08-26
33924,2020082601000089,HDHPC,39,21,100,98.0,9800.0,2020-08-26
33918,2020082601000090,API,44,47,110,111.0,12210.0,2020-08-26
33917,2020082601000091,NRIC,26,56,50,682.0,34100.0,2020-08-26
33912,2020082601000092,AIL,45,49,10,514.0,5140.0,2020-08-26
33910,2020082601000093,GBLBS,36,45,10,525.0,5250.0,2020-08-26
33900,2020082601000094,NMB,17,45,120,426.0,51120.0,2020-08-26
33889,2020082601000095,NBB,17,41,10,200.0,2000.0,2020-08-26
33888,2020082601000096,PLIC,14,3,62,620.0,38440.0,2020-08-26
33886,2020082601000097,MFIL,44,52,500,279.0,139500.0,2020-08-26
33881,2020082601000098,API,58,47,90,111.0,9990.0,2020-08-26
33880,2020082601000099,API,58,4,110,111.0,12210.0,2020-08-26
33879,2020082601000100,API,58,25,300,112.0,33600.0,2020-08-26
33878,2020082601000101,API,58,43,200,112.0,22400.0,2020-08-26
33877,2020082601000102,API,58,41,100,112.0,11200.0,2020-08-26
33870,2020082601000103,NRIC,45,52,36,685.0,24660.0,2020-08-26
33859,2020082601000104,SHIVM,8,19,20,635.0,12700.0,2020-08-26
33857,2020082601000105,MERO,39,48,40,677.0,27080.0,2020-08-26
33856,2020082601000106,MERO,39,3,100,677.0,67700.0,2020-08-26
33842,2020082601000107,SHL,17,53,3000,156.0,468000.0,2020-08-26
33841,2020082601000108,GBLBS,36,26,10,517.0,5170.0,2020-08-26
33837,2020082601000109,NRIC,6,45,40,686.0,27440.0,2020-08-26
33836,2020082601000110,NRIC,6,57,20,686.0,13720.0,2020-08-26
33835,2020082601000111,NRIC,6,5,40,689.0,27560.0,2020-08-26
33833,2020082601000112,SIL,25,46,100,680.0,68000.0,2020-08-26
33823,2020082601000113,NRIC,44,5,60,689.0,41340.0,2020-08-26
33822,2020082601000114,NRIC,44,47,140,689.0,96460.0,2020-08-26
33814,2020082601000115,SLICL,59,22,30,535.0,16050.0,2020-08-26
33813,2020082601000116,SLICL,49,22,100,535.0,53500.0,2020-08-26
33809,2020082601000117,NRIC,33,47,200,689.0,137800.0,2020-08-26
33806,2020082601000118,SHL,17,53,3000,153.0,459000.0,2020-08-26
33801,2020082601000119,NRIC,6,47,85,689.0,58565.0,2020-08-26
33790,2020082601000120,NRIC,6,54,500,689.0,344500.0,2020-08-26
33788,2020082601000121,SIL,50,46,100,680.0,68000.0,2020-08-26
33787,2020082601000122,NMBMF,49,35,50,815.0,40750.0,2020-08-26
33781,2020082601000123,NRIC,32,34,100,690.0,69000.0,2020-08-26
33778,2020082601000124,NRIC,17,34,300,690.0,207000.0,2020-08-26
33777,2020082601000125,UPPER,42,49,50,229.0,11450.0,2020-08-26
33771,2020082601000126,NRIC,6,53,40,689.0,27560.0,2020-08-26
33769,2020082601000127,HDL,45,6,100,1735.0,173500.0,2020-08-26
33767,2020082601000128,NLIC,58,10,10,1390.0,13900.0,2020-08-26
33763,2020082601000129,NRIC,44,34,400,690.0,276000.0,2020-08-26
33761,2020082601000130,NRIC,6,16,40,689.0,27560.0,2020-08-26
33759,2020082601000131,NRIC,6,14,10,689.0,6890.0,2020-08-26
33754,2020082601000132,DDBL,34,25,10,868.0,8680.0,2020-08-26
33748,2020082601000133,NRIC,46,34,100,690.0,69000.0,2020-08-26
33744,2020082601000134,NRIC,57,34,100,690.0,69000.0,2020-08-26
33743,2020082601000135,NRIC,57,33,200,690.0,138000.0,2020-08-26
33739,2020082601000136,PLIC,14,53,13,620.0,8060.0,2020-08-26
33735,2020082601000137,NRIC,54,33,300,690.0,207000.0,2020-08-26
33734,2020082601000138,NRIC,54,6,50,690.0,34500.0,2020-08-26
33733,2020082601000139,NRIC,54,41,100,690.0,69000.0,2020-08-26
33732,2020082601000140,CIT,44,44,1000,2850.0,2850000.0,2020-08-26
33731,2020082601000141,GBIME,58,49,40,257.0,10280.0,2020-08-26
33729,2020082601000142,NRIC,54,5,50,690.0,34500.0,2020-08-26
33728,2020082601000143,NRIC,6,5,135,689.0,93015.0,2020-08-26
33727,2020082601000144,NRIC,6,28,50,689.0,34450.0,2020-08-26
33726,2020082601000145,NRIC,22,28,50,689.0,34450.0,2020-08-26
33724,2020082601000146,MFIL,52,19,200,277.0,55400.0,2020-08-26
33723,2020082601000147,ALBSL,39,25,11,752.0,8272.0,2020-08-26
33722,2020082601000148,ALBSL,39,16,89,760.0,67640.0,2020-08-26
33719,2020082601000149,SMB,41,28,10,885.0,8850.0,2020-08-26
33718,2020082601000150,NRIC,38,47,10,690.0,6900.0,2020-08-26
33717,2020082601000151,SLICL,48,32,50,535.0,26750.0,2020-08-26
33701,2020082601000152,PRIN,17,1,100,558.0,55800.0,2020-08-26
33700,2020082601000153,PRIN,17,33,510,559.0,285090.0,2020-08-26
33693,2020082601000154,NRIC,45,16,90,691.0,62190.0,2020-08-26
33684,2020082601000155,NRIC,37,46,200,691.0,138200.0,2020-08-26
33683,2020082601000156,NRIC,36,46,80,690.0,55200.0,2020-08-26
33679,2020082601000157,NFS,29,29,10,177.0,1770.0,2020-08-26
33676,2020082601000158,SLBBL,29,49,10,857.0,8570.0,2020-08-26
33674,2020082601000159,AKPL,44,39,10,118.0,1180.0,2020-08-26
33673,2020082601000160,NRIC,19,28,50,691.0,34550.0,2020-08-26
33669,2020082601000161,SLICL,4,6,65,535.0,34775.0,2020-08-26
33668,2020082601000162,SLICL,4,22,50,535.0,26750.0,2020-08-26
33667,2020082601000163,SLICL,4,35,500,537.0,268500.0,2020-08-26
33666,2020082601000164,SLICL,4,51,40,537.0,21480.0,2020-08-26
33665,2020082601000165,SLICL,4,19,20,537.0,10740.0,2020-08-26
33664,2020082601000166,SLICL,4,49,500,538.0,269000.0,2020-08-26
33663,2020082601000167,SLICL,4,33,20,539.0,10780.0,2020-08-26
33662,2020082601000168,SLICL,4,49,1000,539.0,539000.0,2020-08-26
33661,2020082601000169,SLICL,4,4,100,540.0,54000.0,2020-08-26
33660,2020082601000170,SLICL,4,22,100,540.0,54000.0,2020-08-26
33659,2020082601000171,SLICL,4,34,50,540.0,27000.0,2020-08-26
33658,2020082601000172,SLICL,4,42,50,540.0,27000.0,2020-08-26
33657,2020082601000173,SLICL,4,11,200,540.0,108000.0,2020-08-26
33656,2020082601000174,SLICL,4,41,200,540.0,108000.0,2020-08-26
33655,2020082601000175,SLICL,4,19,30,540.0,16200.0,2020-08-26
33654,2020082601000176,SLICL,4,25,200,540.0,108000.0,2020-08-26
33652,2020082601000177,NLIC,50,10,40,1390.0,55600.0,2020-08-26
33651,2020082601000178,NLIC,50,58,20,1390.0,27800.0,2020-08-26
33650,2020082601000179,FMDBL,28,17,20,568.0,11360.0,2020-08-26
33646,2020082601000180,MPFL,18,44,20,111.0,2220.0,2020-08-26
33643,2020082601000181,SFCL,57,41,25,141.0,3525.0,2020-08-26
33638,2020082601000182,NRIC,36,28,50,691.0,34550.0,2020-08-26
33635,2020082601000183,NRIC,36,49,50,691.0,34550.0,2020-08-26
33633,2020082601000184,SJCL,34,34,10,134.0,1340.0,2020-08-26
33632,2020082601000185,MFIL,21,19,200,278.0,55600.0,2020-08-26
33626,2020082601000186,NRIC,1,45,100,692.0,69200.0,2020-08-26
33622,2020082601000187,NLIC,50,49,20,1390.0,27800.0,2020-08-26
33618,2020082601000188,NRIC,36,38,900,691.0,621900.0,2020-08-26
33617,2020082601000189,NRIC,50,38,50,691.0,34550.0,2020-08-26
33616,2020082601000190,NRIC,50,41,40,691.0,27640.0,2020-08-26
33615,2020082601000191,NIL,19,46,200,730.0,146000.0,2020-08-26
33614,2020082601000192,NIL,17,46,50,730.0,36500.0,2020-08-26
33612,2020082601000193,NRIC,50,49,110,691.0,76010.0,2020-08-26
33611,2020082601000194,NRIC,1,49,85,691.0,58735.0,2020-08-26
33606,2020082601000195,NRIC,45,45,10,691.0,6910.0,2020-08-26
33604,2020082601000196,NRIC,42,45,100,691.0,69100.0,2020-08-26
33603,2020082601000197,ACLBSL,48,58,10,705.0,7050.0,2020-08-26
33601,2020082601000198,NRIC,48,45,50,691.0,34550.0,2020-08-26
33600,2020082601000199,NRIC,36,48,820,690.0,565800.0,2020-08-26
33599,2020082601000200,NRIC,37,48,100,690.0,69000.0,2020-08-26
33598,2020082601000201,NRIC,34,48,25,690.0,17250.0,2020-08-26
33597,2020082601000202,NRIC,11,48,15,690.0,10350.0,2020-08-26
33596,2020082601000203,NRIC,48,48,40,690.0,27600.0,2020-08-26
33594,2020082601000204,NLIC,44,48,140,1392.0,194880.0,2020-08-26
33593,2020082601000205,HPPL,33,39,10,137.0,1370.0,2020-08-26
33591,2020082601000206,NABIL,54,10,10,839.0,8390.0,2020-08-26
33585,2020082601000207,SAEF,35,10,500,9.6,4800.0,2020-08-26
33584,2020082601000208,UIC,45,26,10,406.0,4060.0,2020-08-26
33580,2020082601000209,ALBSL,39,38,10,755.0,7550.0,2020-08-26
33579,2020082601000210,ALBSL,39,16,11,760.0,8360.0,2020-08-26
33578,2020082601000211,ALBSL,39,34,50,765.0,38250.0,2020-08-26
33577,2020082601000212,ALBSL,39,16,29,765.0,22185.0,2020-08-26
33574,2020082601000213,NRIC,29,45,40,691.0,27640.0,2020-08-26
33573,2020082601000214,NRIC,29,38,60,691.0,41460.0,2020-08-26
33572,2020082601000215,IGI,17,38,30,506.0,15180.0,2020-08-26
33570,2020082601000216,NRIC,17,38,20,691.0,13820.0,2020-08-26
33568,2020082601000217,NIB,58,13,20,427.0,8540.0,2020-08-26
33566,2020082601000218,NRIC,48,38,50,691.0,34550.0,2020-08-26
33563,2020082601000219,NRIC,52,38,20,691.0,13820.0,2020-08-26
33562,2020082601000220,NRIC,52,49,80,691.0,55280.0,2020-08-26
33561,2020082601000221,NMB,5,6,200,424.0,84800.0,2020-08-26
33560,2020082601000222,MFIL,44,13,20,277.0,5540.0,2020-08-26
33558,2020082601000223,NRIC,48,38,60,690.0,41400.0,2020-08-26
33557,2020082601000224,NRIC,37,38,140,690.0,96600.0,2020-08-26
33556,2020082601000225,NEF,22,14,159,9.0,1431.0,2020-08-26
33555,2020082601000226,PIC,57,34,50,719.0,35950.0,2020-08-26
33552,2020082601000227,NRIC,37,56,15,690.0,10350.0,2020-08-26
33551,2020082601000228,SLICL,4,40,100,540.0,54000.0,2020-08-26
33548,2020082601000229,IGI,17,46,20,506.0,10120.0,2020-08-26
33547,2020082601000230,NRIC,37,49,20,690.0,13800.0,2020-08-26
33546,2020082601000231,NICA,43,33,100,579.0,57900.0,2020-08-26
33545,2020082601000232,UIC,59,43,10,412.0,4120.0,2020-08-26
33543,2020082601000233,NRIC,50,49,30,691.0,20730.0,2020-08-26
33540,2020082601000234,NRIC,22,49,50,691.0,34550.0,2020-08-26
33539,2020082601000235,NRIC,37,41,25,690.0,17250.0,2020-08-26
33538,2020082601000236,NRIC,37,41,50,690.0,34500.0,2020-08-26
33537,2020082601000237,NRIC,50,41,200,690.0,138000.0,2020-08-26
33536,2020082601000238,NRIC,41,41,100,690.0,69000.0,2020-08-26
33534,2020082601000239,NIB,52,13,29,427.0,12383.0,2020-08-26
33532,2020082601000240,EIC,17,38,15,479.0,7185.0,2020-08-26
33531,2020082601000241,MFIL,40,19,200,279.0,55800.0,2020-08-26
33530,2020082601000242,MFIL,40,25,120,279.0,33480.0,2020-08-26
33529,2020082601000243,NRIC,52,41,40,690.0,27600.0,2020-08-26
33528,2020082601000244,UPPER,46,57,40,226.0,9040.0,2020-08-26
33526,2020082601000245,SLICL,4,21,50,544.0,27200.0,2020-08-26
33523,2020082601000246,SLICL,32,28,200,545.0,109000.0,2020-08-26
33522,2020082601000247,SLICL,32,8,200,545.0,109000.0,2020-08-26
33521,2020082601000248,SLICL,32,11,100,545.0,54500.0,2020-08-26
33520,2020082601000249,SLICL,32,22,100,545.0,54500.0,2020-08-26
33519,2020082601000250,SLICL,32,26,100,545.0,54500.0,2020-08-26
33518,2020082601000251,SLICL,32,21,100,545.0,54500.0,2020-08-26
33517,2020082601000252,SLICL,32,45,300,545.0,163500.0,2020-08-26
33516,2020082601000253,SLICL,32,47,20,545.0,10900.0,2020-08-26
33515,2020082601000254,SLICL,32,28,100,545.0,54500.0,2020-08-26
33508,2020082601000255,NRIC,22,50,250,689.0,172250.0,2020-08-26
33507,2020082601000256,NRIC,42,50,250,689.0,172250.0,2020-08-26
33506,2020082601000257,NRIC,49,41,85,690.0,58650.0,2020-08-26
33505,2020082601000258,NRIC,49,17,60,690.0,41400.0,2020-08-26
33504,2020082601000259,NRIC,49,43,200,690.0,138000.0,2020-08-26
33503,2020082601000260,NRIC,49,58,105,690.0,72450.0,2020-08-26
33502,2020082601000261,PIC,17,53,50,717.0,35850.0,2020-08-26
33499,2020082601000262,GBLBS,43,58,15,507.0,7605.0,2020-08-26
33498,2020082601000263,GBIME,21,34,300,256.0,76800.0,2020-08-26
33496,2020082601000264,NRIC,35,19,40,689.0,27560.0,2020-08-26
33495,2020082601000265,GLICL,6,33,900,524.0,471600.0,2020-08-26
33494,2020082601000266,NBL,22,55,250,292.0,73000.0,2020-08-26
33493,2020082601000267,HIDCL,26,34,23,132.0,3036.0,2020-08-26
33489,2020082601000268,NRIC,41,19,460,689.0,316940.0,2020-08-26
33488,2020082601000269,NRIC,41,49,20,689.0,13780.0,2020-08-26
33487,2020082601000270,NRIC,41,58,20,690.0,13800.0,2020-08-26
33485,2020082601000271,NRIC,38,59,20,688.0,13760.0,2020-08-26
33484,2020082601000272,NRIC,1,59,25,688.0,17200.0,2020-08-26
33483,2020082601000273,NRIC,26,59,955,687.0,656085.0,2020-08-26
33476,2020082601000274,SLICL,32,58,100,545.0,54500.0,2020-08-26
33474,2020082601000275,NIL,18,46,50,730.0,36500.0,2020-08-26
33470,2020082601000276,NRIC,26,49,20,687.0,13740.0,2020-08-26
33469,2020082601000277,NRIC,26,37,25,687.0,17175.0,2020-08-26
33468,2020082601000278,NRIC,43,37,25,687.0,17175.0,2020-08-26
33467,2020082601000279,NRIC,49,38,100,689.0,68900.0,2020-08-26
33465,2020082601000280,SLICL,13,44,100,549.0,54900.0,2020-08-26
33464,2020082601000281,SLICL,13,35,70,550.0,38500.0,2020-08-26
33463,2020082601000282,SLICL,13,25,30,550.0,16500.0,2020-08-26
33461,2020082601000283,SJCL,34,39,20,134.0,2680.0,2020-08-26
33458,2020082601000284,GBIME,22,34,255,256.0,65280.0,2020-08-26
33457,2020082601000285,SLICL,32,35,500,545.0,272500.0,2020-08-26
33454,2020082601000286,NRIC,52,38,50,689.0,34450.0,2020-08-26
33452,2020082601000287,NRIC,53,38,350,689.0,241150.0,2020-08-26
33450,2020082601000288,SHPC,33,1,141,232.0,32712.0,2020-08-26
33446,2020082601000289,RMDC,57,10,10,826.0,8260.0,2020-08-26
33444,2020082601000290,NRIC,53,36,30,689.0,20670.0,2020-08-26
33439,2020082601000291,NRIC,53,1,120,689.0,82680.0,2020-08-26
33438,2020082601000292,NRIC,43,1,135,687.0,92745.0,2020-08-26
33437,2020082601000293,NRIC,16,1,100,686.0,68600.0,2020-08-26
33436,2020082601000294,NRIC,41,1,60,686.0,41160.0,2020-08-26
33435,2020082601000295,NRIC,45,1,64,685.0,43840.0,2020-08-26
33434,2020082601000296,NRIC,54,1,21,685.0,14385.0,2020-08-26
33432,2020082601000297,CBBL,13,45,30,1090.0,32700.0,2020-08-26
33431,2020082601000298,UPPER,5,39,40,225.0,9000.0,2020-08-26
33428,2020082601000299,API,44,13,55,110.0,6050.0,2020-08-26
33425,2020082601000300,NRIC,26,56,15,688.0,10320.0,2020-08-26
33424,2020082601000301,KBL,45,45,100,189.0,18900.0,2020-08-26
33423,2020082601000302,NRIC,41,58,10,690.0,6900.0,2020-08-26
33418,2020082601000303,SLICL,32,22,120,545.0,65400.0,2020-08-26
33417,2020082601000304,SLICL,4,22,380,544.0,206720.0,2020-08-26
33416,2020082601000305,GLICL,46,33,100,524.0,52400.0,2020-08-26
33415,2020082601000306,NIB,52,45,20,427.0,8540.0,2020-08-26
33412,2020082601000307,NRIC,34,5,200,689.0,137800.0,2020-08-26
33410,2020082601000308,NRIC,34,52,50,689.0,34450.0,2020-08-26
33406,2020082601000309,NICA,42,45,164,580.0,95120.0,2020-08-26
33405,2020082601000310,NICA,42,57,186,580.0,107880.0,2020-08-26
33404,2020082601000311,CZBIL,38,17,10,193.0,1930.0,2020-08-26
33403,2020082601000312,NRIC,34,7,50,689.0,34450.0,2020-08-26
33402,2020082601000313,AIL,19,29,10,516.0,5160.0,2020-08-26
33401,2020082601000314,NRIC,34,33,200,689.0,137800.0,2020-08-26
33400,2020082601000315,NRIC,29,33,100,689.0,68900.0,2020-08-26
33399,2020082601000316,ALICL,48,14,100,701.0,70100.0,2020-08-26
33395,2020082601000317,NICA,43,57,100,580.0,58000.0,2020-08-26
33393,2020082601000318,GHL,26,16,10,63.0,630.0,2020-08-26
33390,2020082601000319,RLFL,44,35,200,122.0,24400.0,2020-08-26
33388,2020082601000320,CZBIL,38,17,58,192.0,11136.0,2020-08-26
33386,2020082601000321,GUFL,58,54,30,123.0,3690.0,2020-08-26
33385,2020082601000322,GUFL,58,54,75,123.0,9225.0,2020-08-26
33382,2020082601000323,NRIC,34,33,200,689.0,137800.0,2020-08-26
33381,2020082601000324,NRIC,34,45,75,689.0,51675.0,2020-08-26
33380,2020082601000325,NRIC,34,45,50,689.0,34450.0,2020-08-26
33379,2020082601000326,NRIC,34,58,90,690.0,62100.0,2020-08-26
33378,2020082601000327,PCBL,21,50,300,283.0,84900.0,2020-08-26
33373,2020082601000328,SLICL,57,45,120,545.0,65400.0,2020-08-26
33372,2020082601000329,SLICL,57,19,200,549.0,109800.0,2020-08-26
33371,2020082601000330,SLICL,57,25,70,550.0,38500.0,2020-08-26
33370,2020082601000331,SLICL,57,39,50,550.0,27500.0,2020-08-26
33369,2020082601000332,SLICL,4,4,500,544.0,272000.0,2020-08-26
33368,2020082601000333,GLICL,42,17,20,525.0,10500.0,2020-08-26
33367,2020082601000334,GLICL,42,14,50,526.0,26300.0,2020-08-26
33366,2020082601000335,GLICL,42,16,50,527.0,26350.0,2020-08-26
33363,2020082601000336,NLIC,50,17,20,1390.0,27800.0,2020-08-26
33362,2020082601000337,NRIC,38,58,275,690.0,189750.0,2020-08-26
33361,2020082601000338,NRIC,38,52,40,690.0,27600.0,2020-08-26
33360,2020082601000339,NRIC,38,54,200,690.0,138000.0,2020-08-26
33359,2020082601000340,NRIC,38,57,485,690.0,334650.0,2020-08-26
33358,2020082601000341,LGIL,50,43,10,494.0,4940.0,2020-08-26
33356,2020082601000342,PLIC,16,11,29,609.0,17661.0,2020-08-26
33355,2020082601000343,NRIC,19,1,200,689.0,137800.0,2020-08-26
33354,2020082601000344,GLICL,38,51,100,524.0,52400.0,2020-08-26
33353,2020082601000345,CZBIL,38,17,290,192.0,55680.0,2020-08-26
33351,2020082601000346,SLICL,4,21,50,544.0,27200.0,2020-08-26
33350,2020082601000347,NRIC,17,57,10,690.0,6900.0,2020-08-26
33349,2020082601000348,NRIC,19,40,300,689.0,206700.0,2020-08-26
33348,2020082601000349,NRIC,26,40,485,688.0,333680.0,2020-08-26
33347,2020082601000350,NRIC,54,40,215,685.0,147275.0,2020-08-26
33345,2020082601000351,AIL,19,58,10,516.0,5160.0,2020-08-26
33342,2020082601000352,SLICL,4,16,20,544.0,10880.0,2020-08-26
33338,2020082601000353,NRIC,14,52,40,689.0,27560.0,2020-08-26
33336,2020082601000354,FMDBL,1,56,50,579.0,28950.0,2020-08-26
33335,2020082601000355,FMDBL,1,11,50,579.0,28950.0,2020-08-26
33329,2020082601000356,NRIC,14,47,60,689.0,41340.0,2020-08-26
33328,2020082601000357,NRIC,35,47,10,689.0,6890.0,2020-08-26
33327,2020082601000358,NRIC,19,57,50,690.0,34500.0,2020-08-26
33324,2020082601000359,NMBMF,57,49,100,810.0,81000.0,2020-08-26
33322,2020082601000360,NRIC,35,57,190,689.0,130910.0,2020-08-26
33320,2020082601000361,CIT,44,44,1500,2853.0,4279500.0,2020-08-26
33318,2020082601000362,SLICL,39,16,280,544.0,152320.0,2020-08-26
33317,2020082601000363,NRIC,57,57,310,688.0,213280.0,2020-08-26
33316,2020082601000364,NRIC,57,5,60,689.0,41340.0,2020-08-26
33315,2020082601000365,NRIC,57,42,130,689.0,89570.0,2020-08-26
33314,2020082601000366,NICL,40,1,50,509.0,25450.0,2020-08-26
33313,2020082601000367,ALBSL,57,55,50,750.0,37500.0,2020-08-26
33312,2020082601000368,SBL,21,17,250,300.0,75000.0,2020-08-26
33311,2020082601000369,SLICL,4,49,1775,540.0,958500.0,2020-08-26
33310,2020082601000370,SLICL,4,49,10,540.0,5400.0,2020-08-26
33308,2020082601000371,SJCL,59,41,10,136.0,1360.0,2020-08-26
33307,2020082601000372,SLICL,13,49,100,540.0,54000.0,2020-08-26
33305,2020082601000373,GUFL,42,56,200,125.0,25000.0,2020-08-26
33304,2020082601000374,NRIC,16,42,90,689.0,62010.0,2020-08-26
33298,2020082601000375,PRIN,57,4,200,558.0,111600.0,2020-08-26
33294,2020082601000376,NRIC,26,42,20,689.0,13780.0,2020-08-26
33292,2020082601000377,KPCL,14,39,10,103.0,1030.0,2020-08-26
33290,2020082601000378,NRIC,37,42,10,689.0,6890.0,2020-08-26
33288,2020082601000379,NRIC,38,52,40,688.0,27520.0,2020-08-26
33286,2020082601000380,AIL,19,21,10,516.0,5160.0,2020-08-26
33284,2020082601000381,ALICL,8,10,500,705.0,352500.0,2020-08-26
33283,2020082601000382,ALICL,8,25,50,705.0,35250.0,2020-08-26
33282,2020082601000383,ALICL,8,43,20,705.0,14100.0,2020-08-26
33281,2020082601000384,PPCL,32,39,30,113.0,3390.0,2020-08-26
33278,2020082601000385,AIL,19,53,10,516.0,5160.0,2020-08-26
33277,2020082601000386,SLICL,14,49,115,540.0,62100.0,2020-08-26
33275,2020082601000387,NRIC,38,45,10,688.0,6880.0,2020-08-26
33274,2020082601000388,NRIC,54,45,30,685.0,20550.0,2020-08-26
33273,2020082601000389,HPPL,33,43,10,137.0,1370.0,2020-08-26
33271,2020082601000390,HGI,45,34,200,462.0,92400.0,2020-08-26
33270,2020082601000391,NRIC,6,38,100,686.0,68600.0,2020-08-26
33269,2020082601000392,NRIC,6,42,200,689.0,137800.0,2020-08-26
33268,2020082601000393,NBL,22,29,260,293.0,76180.0,2020-08-26
33264,2020082601000394,SJCL,59,41,20,136.0,2720.0,2020-08-26
33262,2020082601000395,KBL,21,54,200,189.0,37800.0,2020-08-26
33261,2020082601000396,KBL,45,54,200,189.0,37800.0,2020-08-26
33260,2020082601000397,ACLBSL,16,21,10,706.0,7060.0,2020-08-26
33258,2020082601000398,RMDC,34,44,158,825.0,130350.0,2020-08-26
33257,2020082601000399,RMDC,34,10,40,826.0,33040.0,2020-08-26
33256,2020082601000400,RMDC,34,56,100,826.0,82600.0,2020-08-26
33255,2020082601000401,RMDC,34,6,892,826.0,736792.0,2020-08-26
33252,2020082601000402,SLICL,49,14,300,542.0,162600.0,2020-08-26
33251,2020082601000403,SBL,39,17,70,300.0,21000.0,2020-08-26
33249,2020082601000404,PCBL,6,6,500,282.0,141000.0,2020-08-26
33248,2020082601000405,CIT,44,44,1500,2858.0,4287000.0,2020-08-26
33247,2020082601000406,NRIC,54,45,40,685.0,27400.0,2020-08-26
33244,2020082601000407,NRIC,54,55,134,685.0,91790.0,2020-08-26
33243,2020082601000408,NRIC,45,55,100,685.0,68500.0,2020-08-26
33242,2020082601000409,NRIC,50,55,40,685.0,27400.0,2020-08-26
33241,2020082601000410,NRIC,33,55,20,685.0,13700.0,2020-08-26
33239,2020082601000411,API,44,17,80,110.0,8800.0,2020-08-26
33238,2020082601000412,DDBL,42,6,21,856.0,17976.0,2020-08-26
33235,2020082601000413,SABSL,28,58,50,806.0,40300.0,2020-08-26
33231,2020082601000414,RMDC,18,6,20,826.0,16520.0,2020-08-26
33230,2020082601000415,NRIC,57,55,56,685.0,38360.0,2020-08-26
33227,2020082601000416,NRIC,53,49,1000,687.0,687000.0,2020-08-26
33226,2020082601000417,NRIC,53,36,1000,688.0,688000.0,2020-08-26
33225,2020082601000418,NRIC,53,42,50,689.0,34450.0,2020-08-26
33224,2020082601000419,NRIC,53,51,40,689.0,27560.0,2020-08-26
33223,2020082601000420,NRIC,53,21,40,689.0,27560.0,2020-08-26
33222,2020082601000421,NRIC,53,45,40,689.0,27560.0,2020-08-26
33221,2020082601000422,NRIC,53,6,20,689.0,13780.0,2020-08-26
33220,2020082601000423,NRIC,53,1,40,689.0,27560.0,2020-08-26
33219,2020082601000424,NRIC,53,43,100,689.0,68900.0,2020-08-26
33218,2020082601000425,NRIC,53,6,40,689.0,27560.0,2020-08-26
33217,2020082601000426,NRIC,53,57,455,690.0,313950.0,2020-08-26
33216,2020082601000427,NRIC,53,18,50,690.0,34500.0,2020-08-26
33215,2020082601000428,NRIC,53,54,200,690.0,138000.0,2020-08-26
33214,2020082601000429,NRIC,53,52,80,690.0,55200.0,2020-08-26
33213,2020082601000430,NRIC,53,50,1000,690.0,690000.0,2020-08-26
33212,2020082601000431,NRIC,53,39,50,690.0,34500.0,2020-08-26
33211,2020082601000432,NRIC,53,37,200,690.0,138000.0,2020-08-26
33210,2020082601000433,NRIC,53,45,80,690.0,55200.0,2020-08-26
33209,2020082601000434,NRIC,53,14,100,690.0,69000.0,2020-08-26
33208,2020082601000435,NRIC,53,49,415,691.0,286765.0,2020-08-26
33207,2020082601000436,RSDC,58,43,12,540.0,6480.0,2020-08-26
33204,2020082601000437,NRIC,57,49,50,686.0,34300.0,2020-08-26
33202,2020082601000438,SHPC,10,14,100,236.0,23600.0,2020-08-26
33198,2020082601000439,FMDBL,28,52,10,578.0,5780.0,2020-08-26
33197,2020082601000440,ALICL,48,6,100,707.0,70700.0,2020-08-26
33196,2020082601000441,NRIC,57,52,14,686.0,9604.0,2020-08-26
33195,2020082601000442,NRIC,21,52,26,686.0,17836.0,2020-08-26
33194,2020082601000443,NLIC,29,17,44,1390.0,61160.0,2020-08-26
33193,2020082601000444,CZBIL,51,10,10,193.0,1930.0,2020-08-26
33192,2020082601000445,MFIL,44,47,180,277.0,49860.0,2020-08-26
33190,2020082601000446,SLICL,49,36,200,542.0,108400.0,2020-08-26
33189,2020082601000447,SABSL,28,19,50,806.0,40300.0,2020-08-26
33185,2020082601000448,NRIC,21,49,24,686.0,16464.0,2020-08-26
33184,2020082601000449,NRIC,42,49,16,686.0,10976.0,2020-08-26
33181,2020082601000450,PCBL,1,50,155,283.0,43865.0,2020-08-26
33179,2020082601000451,NLIC,17,17,1800,1385.0,2493000.0,2020-08-26
33177,2020082601000452,PLIC,52,36,300,611.0,183300.0,2020-08-26
33176,2020082601000453,PLIC,38,36,111,610.0,67710.0,2020-08-26
33175,2020082601000454,AIL,42,43,10,518.0,5180.0,2020-08-26
33171,2020082601000455,PLIC,38,59,13,610.0,7930.0,2020-08-26
33169,2020082601000456,SABSL,44,43,10,815.0,8150.0,2020-08-26
33166,2020082601000457,NRIC,40,43,50,686.0,34300.0,2020-08-26
33162,2020082601000458,NRIC,35,50,50,688.0,34400.0,2020-08-26
33161,2020082601000459,GBLBS,36,49,20,516.0,10320.0,2020-08-26
33160,2020082601000460,API,44,22,65,110.0,7150.0,2020-08-26
33159,2020082601000461,API,42,22,50,110.0,5500.0,2020-08-26
33158,2020082601000462,NRIC,40,56,10,686.0,6860.0,2020-08-26
33157,2020082601000463,NRIC,50,56,90,685.0,61650.0,2020-08-26
33155,2020082601000464,KBL,21,21,40,190.0,7600.0,2020-08-26
33154,2020082601000465,KBL,21,48,60,190.0,11400.0,2020-08-26
33153,2020082601000466,AIL,19,45,10,516.0,5160.0,2020-08-26
33152,2020082601000467,SFCL,45,57,25,143.0,3575.0,2020-08-26
33151,2020082601000468,RSDC,48,29,50,540.0,27000.0,2020-08-26
33150,2020082601000469,NICA,26,17,150,579.0,86850.0,2020-08-26
33149,2020082601000470,NICA,26,57,214,580.0,124120.0,2020-08-26
33148,2020082601000471,NICA,26,52,100,580.0,58000.0,2020-08-26
33147,2020082601000472,SLICL,39,36,300,542.0,162600.0,2020-08-26
33146,2020082601000473,SLICL,39,45,200,542.0,108400.0,2020-08-26
33141,2020082601000474,RHPL,4,41,40,148.0,5920.0,2020-08-26
33138,2020082601000475,SJCL,59,10,10,138.0,1380.0,2020-08-26
33134,2020082601000476,BPCL,25,21,22,363.0,7986.0,2020-08-26
33133,2020082601000477,ALICL,49,52,54,708.0,38232.0,2020-08-26
33132,2020082601000478,ALICL,49,38,46,708.0,32568.0,2020-08-26
33130,2020082601000479,NRIC,50,45,40,685.0,27400.0,2020-08-26
33128,2020082601000480,RMDC,34,6,88,826.0,72688.0,2020-08-26
33127,2020082601000481,ALICL,29,28,850,705.0,599250.0,2020-08-26
33126,2020082601000482,DDBL,42,26,79,856.0,67624.0,2020-08-26
33125,2020082601000483,NRIC,58,18,60,686.0,41160.0,2020-08-26
33124,2020082601000484,NRIC,58,49,25,686.0,17150.0,2020-08-26
33123,2020082601000485,NRIC,58,6,15,687.0,10305.0,2020-08-26
33121,2020082601000486,NRIC,50,49,20,685.0,13700.0,2020-08-26
33120,2020082601000487,NRIC,16,49,20,685.0,13700.0,2020-08-26
33117,2020082601000488,SLICL,14,22,385,540.0,207900.0,2020-08-26
33116,2020082601000489,SLICL,39,22,115,540.0,62100.0,2020-08-26
33115,2020082601000490,AIL,33,53,10,517.0,5170.0,2020-08-26
33114,2020082601000491,NRIC,16,32,680,685.0,465800.0,2020-08-26
33113,2020082601000492,NRIC,59,32,20,685.0,13700.0,2020-08-26
33112,2020082601000493,NRIC,53,32,300,684.0,205200.0,2020-08-26
33110,2020082601000494,DHPL,50,40,10,49.0,490.0,2020-08-26
33105,2020082601000495,SLICL,58,22,200,542.0,108400.0,2020-08-26
33104,2020082601000496,NMB,28,11,34,421.0,14314.0,2020-08-26
33103,2020082601000497,NRIC,53,57,50,684.0,34200.0,2020-08-26
33100,2020082601000498,KMCDB,41,13,10,755.0,7550.0,2020-08-26
33097,2020082601000499,MERO,14,38,30,680.0,20400.0,2020-08-26
33096,2020082601000500,NBL,45,35,200,292.0,58400.0,2020-08-26
33095,2020082601000501,NRIC,53,56,100,684.0,68400.0,2020-08-26
33092,2020082601000502,NRIC,53,44,1000,684.0,684000.0,2020-08-26
33089,2020082601000503,API,41,39,100,108.0,10800.0,2020-08-26
33088,2020082601000504,API,44,39,323,108.0,34884.0,2020-08-26
33087,2020082601000505,AIL,33,49,10,517.0,5170.0,2020-08-26
33085,2020082601000506,RRHP,21,21,10,90.0,900.0,2020-08-26
33084,2020082601000507,NRIC,53,48,50,684.0,34200.0,2020-08-26
33083,2020082601000508,NRIC,16,40,40,684.0,27360.0,2020-08-26
33081,2020082601000509,MFIL,44,25,80,279.0,22320.0,2020-08-26
33080,2020082601000510,MFIL,44,29,100,280.0,28000.0,2020-08-26
33079,2020082601000511,MFIL,44,18,400,280.0,112000.0,2020-08-26
33078,2020082601000512,MFIL,44,18,320,280.0,89600.0,2020-08-26
33077,2020082601000513,NIL,6,50,400,739.0,295600.0,2020-08-26
33076,2020082601000514,NIL,6,29,400,739.0,295600.0,2020-08-26
33075,2020082601000515,NIL,6,52,52,739.0,38428.0,2020-08-26
33073,2020082601000516,NBB,22,13,200,200.0,40000.0,2020-08-26
33072,2020082601000517,NBB,22,46,1300,200.0,260000.0,2020-08-26
33071,2020082601000518,NRIC,16,38,40,684.0,27360.0,2020-08-26
33069,2020082601000519,GLICL,19,42,50,527.0,26350.0,2020-08-26
33068,2020082601000520,GLICL,19,6,50,530.0,26500.0,2020-08-26
33066,2020082601000521,MEGA,35,39,10,227.0,2270.0,2020-08-26
33062,2020082601000522,NMB,28,57,30,421.0,12630.0,2020-08-26
33060,2020082601000523,NRIC,33,47,20,685.0,13700.0,2020-08-26
33059,2020082601000524,NRIC,33,28,80,685.0,54800.0,2020-08-26
33056,2020082601000525,ALBSL,58,25,11,750.0,8250.0,2020-08-26
33054,2020082601000526,SMB,57,45,10,900.0,9000.0,2020-08-26
33053,2020082601000527,SMB,57,28,50,901.0,45050.0,2020-08-26
33052,2020082601000528,NBL,56,25,200,292.0,58400.0,2020-08-26
33051,2020082601000529,ALICL,40,28,500,701.0,350500.0,2020-08-26
33048,2020082601000530,NRIC,16,49,620,684.0,424080.0,2020-08-26
33046,2020082601000531,NIL,6,5,100,740.0,74000.0,2020-08-26
33045,2020082601000532,NIL,6,34,1000,740.0,740000.0,2020-08-26
33044,2020082601000533,SHPC,39,14,50,239.0,11950.0,2020-08-26
33043,2020082601000534,GHL,26,16,20,63.0,1260.0,2020-08-26
33042,2020082601000535,GHL,26,39,10,64.0,640.0,2020-08-26
33041,2020082601000536,MFIL,55,18,80,280.0,22400.0,2020-08-26
33040,2020082601000537,MFIL,55,52,500,282.0,141000.0,2020-08-26
33039,2020082601000538,MFIL,55,6,120,282.0,33840.0,2020-08-26
33038,2020082601000539,IGI,25,51,18,505.0,9090.0,2020-08-26
33037,2020082601000540,NRIC,29,49,100,684.0,68400.0,2020-08-26
33036,2020082601000541,NRIC,58,32,10,683.0,6830.0,2020-08-26
33035,2020082601000542,NRIC,56,32,750,683.0,512250.0,2020-08-26
33034,2020082601000543,NRIC,16,32,240,683.0,163920.0,2020-08-26
33033,2020082601000544,NRIC,16,55,40,683.0,27320.0,2020-08-26
33032,2020082601000545,NRIC,16,38,40,683.0,27320.0,2020-08-26
33026,2020082601000546,NRIC,16,43,50,683.0,34150.0,2020-08-26
33024,2020082601000547,NRIC,16,29,230,683.0,157090.0,2020-08-26
33022,2020082601000548,SLICL,39,39,100,541.0,54100.0,2020-08-26
33019,2020082601000549,MFIL,6,47,200,277.0,55400.0,2020-08-26
33018,2020082601000550,FMDBL,50,51,50,578.0,28900.0,2020-08-26
33017,2020082601000551,FMDBL,50,11,350,579.0,202650.0,2020-08-26
33016,2020082601000552,FMDBL,50,35,100,579.0,57900.0,2020-08-26
33015,2020082601000553,NIL,6,14,1000,742.0,742000.0,2020-08-26
33014,2020082601000554,KMCDB,41,13,10,755.0,7550.0,2020-08-26
33013,2020082601000555,SLICL,39,49,122,541.0,66002.0,2020-08-26
33012,2020082601000556,SLICL,57,49,50,540.0,27000.0,2020-08-26
33010,2020082601000557,UPPER,5,21,40,225.0,9000.0,2020-08-26
33008,2020082601000558,CBBL,45,26,50,1094.0,54700.0,2020-08-26
33006,2020082601000559,MBL,43,14,100,227.0,22700.0,2020-08-26
33005,2020082601000560,NRIC,26,5,150,682.0,102300.0,2020-08-26
33004,2020082601000561,NRIC,38,5,50,682.0,34100.0,2020-08-26
33003,2020082601000562,AIL,33,1,10,517.0,5170.0,2020-08-26
32999,2020082601000563,NMB,58,8,10,422.0,4220.0,2020-08-26
32998,2020082601000564,SFCL,36,57,75,143.0,10725.0,2020-08-26
32997,2020082601000565,SFCL,36,28,100,143.0,14300.0,2020-08-26
32996,2020082601000566,AIL,49,50,10,518.0,5180.0,2020-08-26
32995,2020082601000567,AIL,49,22,10,518.0,5180.0,2020-08-26
32994,2020082601000568,GUFL,58,56,35,123.0,4305.0,2020-08-26
32993,2020082601000569,ALICL,4,28,500,701.0,350500.0,2020-08-26
32992,2020082601000570,RMDC,34,34,129,827.0,106683.0,2020-08-26
32990,2020082601000571,KMCDB,41,11,10,755.0,7550.0,2020-08-26
32989,2020082601000572,KBL,45,43,100,188.0,18800.0,2020-08-26
32988,2020082601000573,KBL,21,43,447,187.0,83589.0,2020-08-26
32986,2020082601000574,ACLBSL,42,42,10,707.0,7070.0,2020-08-26
32985,2020082601000575,SLICL,33,49,200,540.0,108000.0,2020-08-26
32984,2020082601000576,NRIC,58,33,50,681.0,34050.0,2020-08-26
32983,2020082601000577,NRIC,38,33,200,681.0,136200.0,2020-08-26
32982,2020082601000578,NRIC,37,33,100,681.0,68100.0,2020-08-26
32981,2020082601000579,NMBMF,58,19,10,794.0,7940.0,2020-08-26
32980,2020082601000580,GLICL,19,6,50,530.0,26500.0,2020-08-26
32978,2020082601000581,NRIC,33,33,100,681.0,68100.0,2020-08-26
32975,2020082601000582,DDBL,35,26,80,855.0,68400.0,2020-08-26
32974,2020082601000583,NRIC,38,50,500,680.0,340000.0,2020-08-26
32973,2020082601000584,NRIC,26,50,200,680.0,136000.0,2020-08-26
32972,2020082601000585,NRIC,16,50,15,680.0,10200.0,2020-08-26
32971,2020082601000586,NRIC,7,50,150,680.0,102000.0,2020-08-26
32970,2020082601000587,NRIC,42,50,350,680.0,238000.0,2020-08-26
32969,2020082601000588,NRIC,38,50,100,680.0,68000.0,2020-08-26
32968,2020082601000589,NRIC,49,50,50,680.0,34000.0,2020-08-26
32967,2020082601000590,NRIC,50,50,500,680.0,340000.0,2020-08-26
32966,2020082601000591,NRIC,53,50,500,680.0,340000.0,2020-08-26
32965,2020082601000592,NRIC,26,50,500,680.0,340000.0,2020-08-26
32963,2020082601000593,NRIC,45,50,50,680.0,34000.0,2020-08-26
32962,2020082601000594,NRIC,38,50,85,680.0,57800.0,2020-08-26
32961,2020082601000595,FMDBL,1,25,50,570.0,28500.0,2020-08-26
32960,2020082601000596,FMDBL,47,25,100,570.0,57000.0,2020-08-26
32959,2020082601000597,FMDBL,52,25,250,570.0,142500.0,2020-08-26
32958,2020082601000598,NRIC,38,38,40,680.0,27200.0,2020-08-26
32957,2020082601000599,PLIC,32,14,150,612.0,91800.0,2020-08-26
32956,2020082601000600,FOWAD,58,17,10,1570.0,15700.0,2020-08-26
32955,2020082601000601,NRIC,38,55,40,680.0,27200.0,2020-08-26
32954,2020082601000602,NIL,6,43,1000,739.0,739000.0,2020-08-26
32953,2020082601000603,NRIC,38,39,35,680.0,23800.0,2020-08-26
32951,2020082601000604,PCBL,45,17,200,284.0,56800.0,2020-08-26
32950,2020082601000605,SBL,39,51,30,300.0,9000.0,2020-08-26
32948,2020082601000606,PLIC,3,14,125,613.0,76625.0,2020-08-26
32942,2020082601000607,NRIC,47,45,500,679.0,339500.0,2020-08-26
32940,2020082601000608,GLICL,19,36,50,530.0,26500.0,2020-08-26
32939,2020082601000609,AIL,49,42,10,518.0,5180.0,2020-08-26
32938,2020082601000610,SHPC,10,45,300,238.0,71400.0,2020-08-26
32937,2020082601000611,SHPC,10,34,20,238.0,4760.0,2020-08-26
32936,2020082601000612,SHPC,10,14,180,238.0,42840.0,2020-08-26
32935,2020082601000613,PMHPL,59,21,10,84.0,840.0,2020-08-26
32934,2020082601000614,CMF1,42,49,100,10.0,1000.0,2020-08-26
32933,2020082601000615,AIL,6,58,10,519.0,5190.0,2020-08-26
32932,2020082601000616,AIL,6,8,90,519.0,46710.0,2020-08-26
32931,2020082601000617,AIL,49,21,10,518.0,5180.0,2020-08-26
32930,2020082601000618,AIL,17,8,50,519.0,25950.0,2020-08-26
32927,2020082601000619,SLICL,4,49,128,540.0,69120.0,2020-08-26
32926,2020082601000620,SLICL,4,45,21,540.0,11340.0,2020-08-26
32925,2020082601000621,SLICL,4,21,100,540.0,54000.0,2020-08-26
32924,2020082601000622,SLICL,4,14,620,540.0,334800.0,2020-08-26
32923,2020082601000623,SLICL,4,54,20,540.0,10800.0,2020-08-26
32920,2020082601000624,ACLBSL,42,58,10,707.0,7070.0,2020-08-26
32919,2020082601000625,CIT,33,44,20,2867.0,57340.0,2020-08-26
32918,2020082601000626,GLICL,53,36,50,530.0,26500.0,2020-08-26
32917,2020082601000627,NRIC,52,38,50,678.0,33900.0,2020-08-26
32916,2020082601000628,AIL,18,8,60,519.0,31140.0,2020-08-26
32915,2020082601000629,AIL,18,38,10,519.0,5190.0,2020-08-26
32914,2020082601000630,AIL,18,10,430,520.0,223600.0,2020-08-26
32913,2020082601000631,NCCB,21,57,100,193.0,19300.0,2020-08-26
32912,2020082601000632,SABSL,46,38,10,800.0,8000.0,2020-08-26
32910,2020082601000633,KMCDB,41,43,10,755.0,7550.0,2020-08-26
32908,2020082601000634,CHL,39,42,10,86.0,860.0,2020-08-26
32906,2020082601000635,RMDC,34,52,10,829.0,8290.0,2020-08-26
32903,2020082601000636,PLIC,25,45,12,617.0,7404.0,2020-08-26
32902,2020082601000637,PLIC,25,16,500,618.0,309000.0,2020-08-26
32899,2020082601000638,KBL,21,43,232,187.0,43384.0,2020-08-26
32897,2020082601000639,CIT,40,32,100,2894.0,289400.0,2020-08-26
32896,2020082601000640,IGI,13,21,12,501.0,6012.0,2020-08-26
32895,2020082601000641,NRIC,16,34,50,677.0,33850.0,2020-08-26
32893,2020082601000642,BOKL,4,58,50,227.0,11350.0,2020-08-26
32892,2020082601000643,BOKL,52,58,20,227.0,4540.0,2020-08-26
32891,2020082601000644,BOKL,50,58,66,227.0,14982.0,2020-08-26
32890,2020082601000645,SANIMA,43,17,100,342.0,34200.0,2020-08-26
32889,2020082601000646,SANIMA,21,17,65,341.0,22165.0,2020-08-26
32888,2020082601000647,NRIC,16,49,50,677.0,33850.0,2020-08-26
32885,2020082601000648,GBLBS,34,42,15,509.0,7635.0,2020-08-26
32884,2020082601000649,GLICL,6,21,100,530.0,53000.0,2020-08-26
32882,2020082601000650,RMDC,34,36,200,830.0,166000.0,2020-08-26
32878,2020082601000651,NRIC,8,5,345,676.0,233220.0,2020-08-26
32877,2020082601000652,NLICL,56,13,10,728.0,7280.0,2020-08-26
32876,2020082601000653,NLICL,56,35,100,729.0,72900.0,2020-08-26
32875,2020082601000654,NLICL,56,21,50,729.0,36450.0,2020-08-26
32874,2020082601000655,NLICL,56,38,500,730.0,365000.0,2020-08-26
32873,2020082601000656,NLICL,56,26,20,730.0,14600.0,2020-08-26
32871,2020082601000657,MERO,59,16,100,679.0,67900.0,2020-08-26
32869,2020082601000658,MERO,59,16,40,679.0,27160.0,2020-08-26
32867,2020082601000659,BPCL,25,45,24,364.0,8736.0,2020-08-26
32866,2020082601000660,SLICL,4,6,38,540.0,20520.0,2020-08-26
32865,2020082601000661,NADEP,26,34,33,625.0,20625.0,2020-08-26
32863,2020082601000662,NMB,48,8,100,422.0,42200.0,2020-08-26
32861,2020082601000663,NRIC,8,44,500,676.0,338000.0,2020-08-26
32858,2020082601000664,NRIC,8,26,10,676.0,6760.0,2020-08-26
32857,2020082601000665,SLICL,4,50,73,540.0,39420.0,2020-08-26
32856,2020082601000666,SHPC,10,10,200,237.0,47400.0,2020-08-26
32855,2020082601000667,SICL,38,26,40,1254.0,50160.0,2020-08-26
32854,2020082601000668,PLIC,52,58,20,614.0,12280.0,2020-08-26
32853,2020082601000669,CIT,40,44,100,2890.0,289000.0,2020-08-26
32852,2020082601000670,CFCL,6,45,500,122.0,61000.0,2020-08-26
32851,2020082601000671,NMB,28,43,133,421.0,55993.0,2020-08-26
32850,2020082601000672,SLICL,49,50,190,539.0,102410.0,2020-08-26
32849,2020082601000673,LGIL,20,35,100,494.0,49400.0,2020-08-26
32847,2020082601000674,AIL,49,19,10,518.0,5180.0,2020-08-26
32846,2020082601000675,HPPL,33,42,10,137.0,1370.0,2020-08-26
32845,2020082601000676,GBIME,45,34,100,254.0,25400.0,2020-08-26
32844,2020082601000677,GBIME,48,34,1000,254.0,254000.0,2020-08-26
32843,2020082601000678,GBIME,58,34,65,254.0,16510.0,2020-08-26
32842,2020082601000679,GBIME,36,34,1000,254.0,254000.0,2020-08-26
32840,2020082601000680,IGI,46,46,90,500.0,45000.0,2020-08-26
32839,2020082601000681,IGI,45,46,100,498.0,49800.0,2020-08-26
32838,2020082601000682,IGI,40,46,60,498.0,29880.0,2020-08-26
32837,2020082601000683,RMDC,34,6,741,830.0,615030.0,2020-08-26
32836,2020082601000684,RMDC,34,13,50,830.0,41500.0,2020-08-26
32835,2020082601000685,RMDC,34,26,20,831.0,16620.0,2020-08-26
32834,2020082601000686,RMDC,34,50,20,831.0,16620.0,2020-08-26
32833,2020082601000687,RMDC,34,14,100,831.0,83100.0,2020-08-26
32832,2020082601000688,RMDC,34,34,209,831.0,173679.0,2020-08-26
32829,2020082601000689,NRIC,8,11,40,676.0,27040.0,2020-08-26
32827,2020082601000690,CBBL,45,52,50,1094.0,54700.0,2020-08-26
32826,2020082601000691,CZBIL,38,58,74,192.0,14208.0,2020-08-26
32825,2020082601000692,CZBIL,58,58,10,192.0,1920.0,2020-08-26
32824,2020082601000693,CZBIL,47,58,22,192.0,4224.0,2020-08-26
32822,2020082601000694,SLICL,58,50,30,539.0,16170.0,2020-08-26
32821,2020082601000695,ACLBSL,42,34,10,707.0,7070.0,2020-08-26
32820,2020082601000696,GBIME,5,37,100,255.0,25500.0,2020-08-26
32818,2020082601000697,NMB,59,8,45,422.0,18990.0,2020-08-26
32817,2020082601000698,NMB,59,48,30,422.0,12660.0,2020-08-26
32816,2020082601000699,NMB,59,58,125,422.0,52750.0,2020-08-26
32815,2020082601000700,NRIC,8,43,40,676.0,27040.0,2020-08-26
32814,2020082601000701,UPPER,5,1,40,225.0,9000.0,2020-08-26
32813,2020082601000702,GBIME,39,43,205,254.0,52070.0,2020-08-26
32811,2020082601000703,HPPL,33,45,134,137.0,18358.0,2020-08-26
32810,2020082601000704,ILBS,43,42,11,750.0,8250.0,2020-08-26
32809,2020082601000705,RSDC,43,25,250,538.0,134500.0,2020-08-26
32808,2020082601000706,EIC,37,28,200,477.0,95400.0,2020-08-26
32807,2020082601000707,NRIC,8,17,65,676.0,43940.0,2020-08-26
32806,2020082601000708,EBL,41,58,139,721.0,100219.0,2020-08-26
32803,2020082601000709,SHPC,54,11,50,235.0,11750.0,2020-08-26
32801,2020082601000710,SLICL,45,1,1000,536.0,536000.0,2020-08-26
32800,2020082601000711,SLICL,13,1,100,536.0,53600.0,2020-08-26
32799,2020082601000712,SLICL,29,1,100,536.0,53600.0,2020-08-26
32797,2020082601000713,AIL,45,10,50,520.0,26000.0,2020-08-26
32796,2020082601000714,RMDC,34,14,50,826.0,41300.0,2020-08-26
32794,2020082601000715,KBL,21,34,32,187.0,5984.0,2020-08-26
32793,2020082601000716,NRIC,59,17,35,676.0,23660.0,2020-08-26
32792,2020082601000717,NBL,56,17,300,292.0,87600.0,2020-08-26
32791,2020082601000718,NBL,50,17,108,291.0,31428.0,2020-08-26
32790,2020082601000719,NBL,34,17,50,291.0,14550.0,2020-08-26
32789,2020082601000720,NBL,45,17,200,291.0,58200.0,2020-08-26
32788,2020082601000721,NBL,4,17,40,291.0,11640.0,2020-08-26
32787,2020082601000722,NBL,38,17,100,290.0,29000.0,2020-08-26
32786,2020082601000723,NBL,37,17,100,290.0,29000.0,2020-08-26
32785,2020082601000724,NBL,6,17,500,290.0,145000.0,2020-08-26
32784,2020082601000725,NBL,34,17,1000,290.0,290000.0,2020-08-26
32783,2020082601000726,NBL,52,17,602,290.0,174580.0,2020-08-26
32781,2020082601000727,LBL,35,51,22,231.0,5082.0,2020-08-26
32780,2020082601000728,PLIC,52,25,41,614.0,25174.0,2020-08-26
32779,2020082601000729,NRIC,59,11,40,676.0,27040.0,2020-08-26
32778,2020082601000730,NMB,45,58,15,422.0,6330.0,2020-08-26
32776,2020082601000731,NRIC,59,36,20,676.0,13520.0,2020-08-26
32775,2020082601000732,SLICL,58,1,100,536.0,53600.0,2020-08-26
32773,2020082601000733,AIL,38,10,20,520.0,10400.0,2020-08-26
32771,2020082601000734,NRIC,59,7,405,676.0,273780.0,2020-08-26
32769,2020082601000735,EIC,43,58,12,478.0,5736.0,2020-08-26
32766,2020082601000736,SICL,37,19,10,1255.0,12550.0,2020-08-26
32765,2020082601000737,SICL,37,10,190,1255.0,238450.0,2020-08-26
32764,2020082601000738,AIL,35,10,10,520.0,5200.0,2020-08-26
32763,2020082601000739,HGI,3,54,100,453.0,45300.0,2020-08-26
32762,2020082601000740,CIT,57,1,66,2895.0,191070.0,2020-08-26
32761,2020082601000741,CIT,57,38,23,2895.0,66585.0,2020-08-26
32760,2020082601000742,NBB,26,34,44,198.0,8712.0,2020-08-26
32759,2020082601000743,SDLBSL,52,6,50,834.0,41700.0,2020-08-26
32758,2020082601000744,SDLBSL,52,28,30,835.0,25050.0,2020-08-26
32756,2020082601000745,KMCDB,41,13,10,755.0,7550.0,2020-08-26
32754,2020082601000746,NMB,45,53,85,422.0,35870.0,2020-08-26
32753,2020082601000747,PRIN,43,46,300,551.0,165300.0,2020-08-26
32752,2020082601000748,SLICL,34,1,50,536.0,26800.0,2020-08-26
32750,2020082601000749,NRIC,42,11,13,675.0,8775.0,2020-08-26
32749,2020082601000750,NRIC,25,11,27,675.0,18225.0,2020-08-26
32747,2020082601000751,SFCL,48,26,20,145.0,2900.0,2020-08-26
32746,2020082601000752,EIC,37,52,300,477.0,143100.0,2020-08-26
32743,2020082601000753,GBLBS,36,16,20,516.0,10320.0,2020-08-26
32742,2020082601000754,GBLBS,36,29,15,516.0,7740.0,2020-08-26
32741,2020082601000755,NMB,48,53,50,422.0,21100.0,2020-08-26
32740,2020082601000756,NRIC,25,14,63,675.0,42525.0,2020-08-26
32739,2020082601000757,NRIC,46,14,300,675.0,202500.0,2020-08-26
32738,2020082601000758,GBIME,39,58,115,254.0,29210.0,2020-08-26
32737,2020082601000759,RSDC,10,25,100,540.0,54000.0,2020-08-26
32736,2020082601000760,PRVU,21,47,100,233.0,23300.0,2020-08-26
32735,2020082601000761,SLICL,57,5,20,535.0,10700.0,2020-08-26
32734,2020082601000762,NBB,45,46,99,200.0,19800.0,2020-08-26
32731,2020082601000763,MBL,17,14,60,228.0,13680.0,2020-08-26
32730,2020082601000764,SLICL,57,6,100,535.0,53500.0,2020-08-26
32727,2020082601000765,MEGA,45,39,80,227.0,18160.0,2020-08-26
32724,2020082601000766,SHPC,54,10,150,235.0,35250.0,2020-08-26
32723,2020082601000767,SHPC,39,10,30,235.0,7050.0,2020-08-26
32722,2020082601000768,SHPC,39,10,20,235.0,4700.0,2020-08-26
32721,2020082601000769,RADHI,7,42,12,172.0,2064.0,2020-08-26
32720,2020082601000770,SKBBL,38,45,50,1335.0,66750.0,2020-08-26
32718,2020082601000771,HBL,56,58,65,550.0,35750.0,2020-08-26
32717,2020082601000772,SLICL,32,1,150,536.0,80400.0,2020-08-26
32716,2020082601000773,SBL,25,10,50,303.0,15150.0,2020-08-26
32715,2020082601000774,SBL,25,26,150,303.0,45450.0,2020-08-26
32714,2020082601000775,PLIC,25,22,14,615.0,8610.0,2020-08-26
32713,2020082601000776,PLIC,25,59,25,615.0,15375.0,2020-08-26
32712,2020082601000777,PLIC,25,1,261,615.0,160515.0,2020-08-26
32711,2020082601000778,FMDBL,4,45,10,575.0,5750.0,2020-08-26
32710,2020082601000779,NRIC,3,14,500,675.0,337500.0,2020-08-26
32709,2020082601000780,SLICL,32,51,50,536.0,26800.0,2020-08-26
32708,2020082601000781,SANIMA,21,34,185,341.0,63085.0,2020-08-26
32707,2020082601000782,SANIMA,25,34,16,340.0,5440.0,2020-08-26
32706,2020082601000783,NRIC,58,11,50,674.0,33700.0,2020-08-26
32705,2020082601000784,NRIC,49,11,90,674.0,60660.0,2020-08-26
32703,2020082601000785,PLIC,52,6,21,614.0,12894.0,2020-08-26
32702,2020082601000786,SPDL,33,39,15,112.0,1680.0,2020-08-26
32701,2020082601000787,API,44,6,52,108.0,5616.0,2020-08-26
32698,2020082601000788,NRIC,49,34,10,674.0,6740.0,2020-08-26
32697,2020082601000789,SICL,35,44,510,1254.0,639540.0,2020-08-26
32696,2020082601000790,PLIC,52,10,50,614.0,30700.0,2020-08-26
32692,2020082601000791,NRIC,16,34,55,674.0,37070.0,2020-08-26
32691,2020082601000792,KSBBL,35,17,200,145.0,29000.0,2020-08-26
32689,2020082601000793,SHIVM,29,49,10,645.0,6450.0,2020-08-26
32687,2020082601000794,SJCL,4,53,10,136.0,1360.0,2020-08-26
32686,2020082601000795,SJCL,4,43,10,136.0,1360.0,2020-08-26
32685,2020082601000796,PCBL,50,22,77,283.0,21791.0,2020-08-26
32684,2020082601000797,NRIC,28,45,30,673.0,20190.0,2020-08-26
32683,2020082601000798,NRIC,28,11,20,673.0,13460.0,2020-08-26
32682,2020082601000799,RRHP,21,42,10,90.0,900.0,2020-08-26
32679,2020082601000800,SHIVM,45,38,20,641.0,12820.0,2020-08-26
32678,2020082601000801,SHIVM,48,38,80,641.0,51280.0,2020-08-26
32677,2020082601000802,SLBS,50,29,1,931.0,931.0,2020-08-26
32671,2020082601000803,MFIL,55,46,500,282.0,141000.0,2020-08-26
32670,2020082601000804,PLIC,52,39,68,614.0,41752.0,2020-08-26
32669,2020082601000805,GBLBS,36,33,300,514.0,154200.0,2020-08-26
32666,2020082601000806,ALICL,19,28,150,705.0,105750.0,2020-08-26
32665,2020082601000807,ALICL,19,36,64,705.0,45120.0,2020-08-26
32664,2020082601000808,ALICL,19,13,250,705.0,176250.0,2020-08-26
32663,2020082601000809,ALICL,19,28,36,705.0,25380.0,2020-08-26
32661,2020082601000810,NBB,26,40,256,198.0,50688.0,2020-08-26
32659,2020082601000811,NRIC,52,11,20,673.0,13460.0,2020-08-26
32658,2020082601000812,NRIC,52,7,20,673.0,13460.0,2020-08-26
32657,2020082601000813,PRIN,43,10,700,551.0,385700.0,2020-08-26
32656,2020082601000814,KBL,1,45,10,189.0,1890.0,2020-08-26
32655,2020082601000815,NBL,35,17,1000,292.0,292000.0,2020-08-26
32654,2020082601000816,NRIC,10,46,40,672.0,26880.0,2020-08-26
32653,2020082601000817,PIC,19,50,200,720.0,144000.0,2020-08-26
32652,2020082601000818,AIL,17,10,30,520.0,15600.0,2020-08-26
32649,2020082601000819,NRIC,10,49,40,672.0,26880.0,2020-08-26
32648,2020082601000820,NRIC,10,29,20,672.0,13440.0,2020-08-26
32647,2020082601000821,NRIC,52,29,300,672.0,201600.0,2020-08-26
32646,2020082601000822,IGI,51,35,32,502.0,16064.0,2020-08-26
32643,2020082601000823,SJCL,34,42,20,134.0,2680.0,2020-08-26
32639,2020082601000824,NLICL,6,32,50,728.0,36400.0,2020-08-26
32638,2020082601000825,EIC,41,28,300,477.0,143100.0,2020-08-26
32636,2020082601000826,NRIC,59,29,450,672.0,302400.0,2020-08-26
32632,2020082601000827,MERO,16,21,100,678.0,67800.0,2020-08-26
32627,2020082601000828,NMB,28,25,303,421.0,127563.0,2020-08-26
32626,2020082601000829,NMB,33,25,300,421.0,126300.0,2020-08-26
32625,2020082601000830,NMB,45,25,100,421.0,42100.0,2020-08-26
32623,2020082601000831,HGI,34,6,10,453.0,4530.0,2020-08-26
32622,2020082601000832,HGI,49,6,300,453.0,135900.0,2020-08-26
32621,2020082601000833,UPPER,5,42,40,225.0,9000.0,2020-08-26
32620,2020082601000834,NRIC,59,6,100,672.0,67200.0,2020-08-26
32618,2020082601000835,NRIC,59,45,300,672.0,201600.0,2020-08-26
32617,2020082601000836,CCBL,49,37,400,179.0,71600.0,2020-08-26
32616,2020082601000837,SIL,51,26,100,692.0,69200.0,2020-08-26
32615,2020082601000838,RHPL,59,43,10,146.0,1460.0,2020-08-26
32612,2020082601000839,SKBBL,42,45,26,1335.0,34710.0,2020-08-26
32611,2020082601000840,SKBBL,42,14,50,1340.0,67000.0,2020-08-26
32610,2020082601000841,SICL,53,44,490,1254.0,614460.0,2020-08-26
32609,2020082601000842,AIL,45,58,10,520.0,5200.0,2020-08-26
32608,2020082601000843,AIL,45,32,10,520.0,5200.0,2020-08-26
32607,2020082601000844,AIL,45,52,10,520.0,5200.0,2020-08-26
32605,2020082601000845,AIL,45,57,70,520.0,36400.0,2020-08-26
32604,2020082601000846,UPPER,35,42,40,226.0,9040.0,2020-08-26
32601,2020082601000847,ALICL,8,42,300,704.0,211200.0,2020-08-26
32599,2020082601000848,MERO,36,16,10,677.0,6770.0,2020-08-26
32598,2020082601000849,MERO,36,16,10,677.0,6770.0,2020-08-26
32597,2020082601000850,MERO,36,16,10,677.0,6770.0,2020-08-26
32596,2020082601000851,MERO,36,16,10,677.0,6770.0,2020-08-26
32595,2020082601000852,MERO,36,16,10,677.0,6770.0,2020-08-26
32594,2020082601000853,MERO,17,16,50,677.0,33850.0,2020-08-26
32590,2020082601000854,MFIL,10,33,100,281.0,28100.0,2020-08-26
32589,2020082601000855,NIL,6,38,50,738.0,36900.0,2020-08-26
32588,2020082601000856,NIL,6,43,108,739.0,79812.0,2020-08-26
32587,2020082601000857,NIL,6,54,450,739.0,332550.0,2020-08-26
32586,2020082601000858,MEGA,25,17,100,225.0,22500.0,2020-08-26
32585,2020082601000859,NIL,38,54,20,739.0,14780.0,2020-08-26
32584,2020082601000860,JBBL,42,58,20,170.0,3400.0,2020-08-26
32581,2020082601000861,PIC,18,50,300,720.0,216000.0,2020-08-26
32580,2020082601000862,PIC,18,37,50,720.0,36000.0,2020-08-26
32579,2020082601000863,AIL,44,51,100,519.0,51900.0,2020-08-26
32578,2020082601000864,FMDBL,14,57,351,575.0,201825.0,2020-08-26
32577,2020082601000865,EIC,41,58,700,477.0,333900.0,2020-08-26
32576,2020082601000866,BOKL,39,6,400,230.0,92000.0,2020-08-26
32575,2020082601000867,BOKL,39,58,200,230.0,46000.0,2020-08-26
32574,2020082601000868,BOKL,39,55,304,230.0,69920.0,2020-08-26
32573,2020082601000869,BOKL,39,55,96,230.0,22080.0,2020-08-26
32572,2020082601000870,NRIC,59,52,40,672.0,26880.0,2020-08-26
32571,2020082601000871,NLBBL,25,8,10,734.0,7340.0,2020-08-26
32568,2020082601000872,SIC,17,42,30,825.0,24750.0,2020-08-26
32565,2020082601000873,GBIME,42,44,50,255.0,12750.0,2020-08-26
32562,2020082601000874,NRIC,59,6,110,672.0,73920.0,2020-08-26
32561,2020082601000875,NRIC,26,6,20,672.0,13440.0,2020-08-26
32557,2020082601000876,UIC,18,6,30,410.0,12300.0,2020-08-26
32556,2020082601000877,UIC,18,56,200,410.0,82000.0,2020-08-26
32554,2020082601000878,UIC,18,32,100,410.0,41000.0,2020-08-26
32553,2020082601000879,UIC,18,38,50,410.0,20500.0,2020-08-26
32552,2020082601000880,UIC,18,34,30,410.0,12300.0,2020-08-26
32551,2020082601000881,ALICL,4,41,100,702.0,70200.0,2020-08-26
32550,2020082601000882,ALICL,4,41,400,701.0,280400.0,2020-08-26
32547,2020082601000883,PLIC,57,39,32,614.0,19648.0,2020-08-26
32546,2020082601000884,PLIC,57,51,22,614.0,13508.0,2020-08-26
32545,2020082601000885,SLBS,45,13,24,936.0,22464.0,2020-08-26
32544,2020082601000886,PIC,18,33,40,720.0,28800.0,2020-08-26
32542,2020082601000887,NICL,4,6,186,505.0,93930.0,2020-08-26
32536,2020082601000888,LBL,14,58,121,232.0,28072.0,2020-08-26
32532,2020082601000889,CZBIL,26,17,154,193.0,29722.0,2020-08-26
32531,2020082601000890,SHPC,39,14,80,235.0,18800.0,2020-08-26
32529,2020082601000891,NICL,33,21,10,510.0,5100.0,2020-08-26
32527,2020082601000892,NICL,33,21,20,510.0,10200.0,2020-08-26
32526,2020082601000893,NICL,33,58,35,510.0,17850.0,2020-08-26
32525,2020082601000894,NICL,33,29,25,510.0,12750.0,2020-08-26
32524,2020082601000895,NICL,33,38,100,510.0,51000.0,2020-08-26
32522,2020082601000896,NRIC,43,49,30,671.0,20130.0,2020-08-26
32521,2020082601000897,NRIC,43,49,30,671.0,20130.0,2020-08-26
32520,2020082601000898,NRIC,54,49,70,671.0,46970.0,2020-08-26
32517,2020082601000899,GBLBS,36,33,700,514.0,359800.0,2020-08-26
32516,2020082601000900,SLICL,32,42,50,536.0,26800.0,2020-08-26
32515,2020082601000901,SLICL,57,42,150,535.0,80250.0,2020-08-26
32513,2020082601000902,IGI,51,48,12,502.0,6024.0,2020-08-26
32511,2020082601000903,SICL,53,10,310,1255.0,389050.0,2020-08-26
32510,2020082601000904,NRIC,52,6,20,672.0,13440.0,2020-08-26
32509,2020082601000905,NRIC,52,51,150,672.0,100800.0,2020-08-26
32507,2020082601000906,SJCL,58,1,10,135.0,1350.0,2020-08-26
32505,2020082601000907,PRIN,5,39,10,550.0,5500.0,2020-08-26
32504,2020082601000908,SJCL,34,53,20,134.0,2680.0,2020-08-26
32500,2020082601000909,FMDBL,10,35,100,570.0,57000.0,2020-08-26
32499,2020082601000910,FMDBL,56,35,100,570.0,57000.0,2020-08-26
32498,2020082601000911,NRIC,55,7,40,673.0,26920.0,2020-08-26
32497,2020082601000912,NRIC,55,38,100,673.0,67300.0,2020-08-26
32496,2020082601000913,KSBBL,16,5,150,144.0,21600.0,2020-08-26
32495,2020082601000914,CBL,56,47,100,145.0,14500.0,2020-08-26
32494,2020082601000915,PCBL,58,22,95,283.0,26885.0,2020-08-26
32492,2020082601000916,NRIC,41,28,40,672.0,26880.0,2020-08-26
32490,2020082601000917,SKBBL,39,38,31,1335.0,41385.0,2020-08-26
32485,2020082601000918,NMB,58,25,297,421.0,125037.0,2020-08-26
32483,2020082601000919,UIC,18,11,90,410.0,36900.0,2020-08-26
32481,2020082601000920,ALICL,4,33,32,701.0,22432.0,2020-08-26
32476,2020082601000921,MEGA,4,17,109,224.0,24416.0,2020-08-26
32475,2020082601000922,PLIC,57,43,12,614.0,7368.0,2020-08-26
32473,2020082601000923,PLIC,57,57,37,614.0,22718.0,2020-08-26
32467,2020082601000924,GBLBS,34,40,200,514.0,102800.0,2020-08-26
32466,2020082601000925,NRIC,41,49,30,672.0,20160.0,2020-08-26
32465,2020082601000926,NRIC,22,34,15,674.0,10110.0,2020-08-26
32464,2020082601000927,NRIC,22,14,35,675.0,23625.0,2020-08-26
32460,2020082601000928,SJCL,34,53,10,134.0,1340.0,2020-08-26
32459,2020082601000929,SPDL,33,45,10,112.0,1120.0,2020-08-26
32458,2020082601000930,SLICL,57,14,930,535.0,497550.0,2020-08-26
32457,2020082601000931,SLICL,59,14,200,535.0,107000.0,2020-08-26
32456,2020082601000932,GBLBS,34,29,31,514.0,15934.0,2020-08-26
32455,2020082601000933,RSDC,43,1,100,535.0,53500.0,2020-08-26
32454,2020082601000934,ILBS,43,45,11,750.0,8250.0,2020-08-26
32453,2020082601000935,SIL,45,46,50,685.0,34250.0,2020-08-26
32452,2020082601000936,KPCL,14,16,10,104.0,1040.0,2020-08-26
32451,2020082601000937,CCBL,1,37,10,179.0,1790.0,2020-08-26
32450,2020082601000938,AIL,44,5,10,519.0,5190.0,2020-08-26
32448,2020082601000939,HIDCL,7,35,10,130.0,1300.0,2020-08-26
32445,2020082601000940,SKBBL,58,38,469,1335.0,626115.0,2020-08-26
32444,2020082601000941,GBIME,39,34,380,254.0,96520.0,2020-08-26
32443,2020082601000942,GBIME,48,34,200,254.0,50800.0,2020-08-26
32441,2020082601000943,CBL,56,47,200,145.0,29000.0,2020-08-26
32438,2020082601000944,MBL,17,58,114,229.0,26106.0,2020-08-26
32435,2020082601000945,SJCL,6,45,10,135.0,1350.0,2020-08-26
32433,2020082601000946,NRIC,59,49,50,673.0,33650.0,2020-08-26
32431,2020082601000947,NRIC,59,48,40,673.0,26920.0,2020-08-26
32428,2020082601000948,RSDC,43,14,150,535.0,80250.0,2020-08-26
32427,2020082601000949,NMBMF,45,58,50,795.0,39750.0,2020-08-26
32426,2020082601000950,SLICL,10,17,11,535.0,5885.0,2020-08-26
32425,2020082601000951,SMB,19,45,60,885.0,53100.0,2020-08-26
32424,2020082601000952,NRIC,53,14,102,675.0,68850.0,2020-08-26
32423,2020082601000953,NRIC,53,48,40,675.0,27000.0,2020-08-26
32422,2020082601000954,NRIC,53,34,30,675.0,20250.0,2020-08-26
32421,2020082601000955,NRIC,53,49,30,675.0,20250.0,2020-08-26
32420,2020082601000956,NRIC,53,13,100,676.0,67600.0,2020-08-26
32419,2020082601000957,NRIC,53,26,10,677.0,6770.0,2020-08-26
32414,2020082601000958,NMB,28,25,500,420.0,210000.0,2020-08-26
32413,2020082601000959,NMB,58,25,100,420.0,42000.0,2020-08-26
32411,2020082601000960,NABIL,17,17,1000,832.0,832000.0,2020-08-26
32409,2020082601000961,FMDBL,17,47,50,568.0,28400.0,2020-08-26
32408,2020082601000962,FMDBL,33,47,20,568.0,11360.0,2020-08-26
32407,2020082601000963,GLICL,47,16,100,529.0,52900.0,2020-08-26
32406,2020082601000964,SWBBL,33,46,10,1259.0,12590.0,2020-08-26
32405,2020082601000965,ADBL,17,37,38,425.0,16150.0,2020-08-26
32404,2020082601000966,ADBL,17,37,12,425.0,5100.0,2020-08-26
32402,2020082601000967,SICL,38,42,10,1265.0,12650.0,2020-08-26
32401,2020082601000968,SICL,38,14,20,1268.0,25360.0,2020-08-26
32400,2020082601000969,NGPL,34,45,62,117.0,7254.0,2020-08-26
32398,2020082601000970,RLFL,44,41,10,124.0,1240.0,2020-08-26
32397,2020082601000971,NRIC,53,26,100,677.0,67700.0,2020-08-26
32396,2020082601000972,NBB,45,58,100,197.0,19700.0,2020-08-26
32395,2020082601000973,NBB,25,58,18,197.0,3546.0,2020-08-26
32393,2020082601000974,DDBL,36,26,20,862.0,17240.0,2020-08-26
32392,2020082601000975,NRIC,6,55,10,678.0,6780.0,2020-08-26
32391,2020082601000976,NRIC,53,55,10,677.0,6770.0,2020-08-26
32390,2020082601000977,ALBSL,28,7,50,750.0,37500.0,2020-08-26
32389,2020082601000978,ALBSL,28,7,50,750.0,37500.0,2020-08-26
32388,2020082601000979,ALBSL,28,45,11,750.0,8250.0,2020-08-26
32387,2020082601000980,ALBSL,28,21,25,750.0,18750.0,2020-08-26
32385,2020082601000981,NRIC,53,49,28,677.0,18956.0,2020-08-26
32383,2020082601000982,SIL,51,46,200,685.0,137000.0,2020-08-26
32382,2020082601000983,PLIC,57,1,100,614.0,61400.0,2020-08-26
32381,2020082601000984,NRIC,57,26,50,675.0,33750.0,2020-08-26
32380,2020082601000985,NRIC,57,26,30,675.0,20250.0,2020-08-26
32379,2020082601000986,SDLBSL,32,48,10,836.0,8360.0,2020-08-26
32378,2020082601000987,CIT,57,45,10,2895.0,28950.0,2020-08-26
32370,2020082601000988,NCCB,25,58,199,191.0,38009.0,2020-08-26
32369,2020082601000989,IGI,51,44,900,502.0,451800.0,2020-08-26
32368,2020082601000990,CBL,13,47,100,145.0,14500.0,2020-08-26
32363,2020082601000991,NRIC,55,49,12,677.0,8124.0,2020-08-26
32361,2020082601000992,NICA,26,19,36,580.0,20880.0,2020-08-26
32360,2020082601000993,NICA,22,19,10,579.0,5790.0,2020-08-26
32359,2020082601000994,NICA,28,19,217,578.0,125426.0,2020-08-26
32358,2020082601000995,HDL,49,21,70,1735.0,121450.0,2020-08-26
32357,2020082601000996,NRIC,55,5,200,678.0,135600.0,2020-08-26
32356,2020082601000997,NABIL,17,17,200,832.0,166400.0,2020-08-26
32355,2020082601000998,GBLBS,36,26,75,514.0,38550.0,2020-08-26
32354,2020082601000999,NRIC,55,45,40,678.0,27120.0,2020-08-26
32353,2020082601001000,ALBSL,28,54,11,758.0,8338.0,2020-08-26
32350,2020082601001001,NABIL,25,17,50,835.0,41750.0,2020-08-26
32349,2020082601001002,PLIC,52,1,500,615.0,307500.0,2020-08-26
32348,2020082601001003,EIC,37,45,50,476.0,23800.0,2020-08-26
32346,2020082601001004,NRIC,55,52,50,678.0,33900.0,2020-08-26
32345,2020082601001005,NBL,45,8,20,292.0,5840.0,2020-08-26
32344,2020082601001006,NBL,5,8,20,292.0,5840.0,2020-08-26
32343,2020082601001007,NBL,58,8,50,292.0,14600.0,2020-08-26
32342,2020082601001008,GBLBS,36,25,125,514.0,64250.0,2020-08-26
32341,2020082601001009,PCBL,45,22,828,281.0,232668.0,2020-08-26
32340,2020082601001010,PRVU,21,42,200,232.0,46400.0,2020-08-26
32339,2020082601001011,CCBL,17,38,50,178.0,8900.0,2020-08-26
32336,2020082601001012,GMFIL,35,13,10,128.0,1280.0,2020-08-26
32333,2020082601001013,SDLBSL,32,13,10,836.0,8360.0,2020-08-26
32331,2020082601001014,NICA,28,58,21,578.0,12138.0,2020-08-26
32329,2020082601001015,NRIC,55,49,40,678.0,27120.0,2020-08-26
32328,2020082601001016,GBLBS,37,25,100,514.0,51400.0,2020-08-26
32326,2020082601001017,NRIC,34,38,500,679.0,339500.0,2020-08-26
32325,2020082601001018,NRIC,34,55,100,679.0,67900.0,2020-08-26
32324,2020082601001019,PLIC,16,1,500,615.0,307500.0,2020-08-26
32321,2020082601001020,NMB,22,51,50,421.0,21050.0,2020-08-26
32314,2020082601001021,ACLBSL,41,35,10,715.0,7150.0,2020-08-26
32313,2020082601001022,PLIC,57,57,37,614.0,22718.0,2020-08-26
32308,2020082601001023,SKBBL,33,25,10,1350.0,13500.0,2020-08-26
32305,2020082601001024,SLICL,4,44,676,537.0,363012.0,2020-08-26
32301,2020082601001025,CBBL,32,26,50,1093.0,54650.0,2020-08-26
32300,2020082601001026,NICL,43,17,52,510.0,26520.0,2020-08-26
32299,2020082601001027,NRIC,37,39,60,680.0,40800.0,2020-08-26
32297,2020082601001028,CIT,57,41,42,2895.0,121590.0,2020-08-26
32296,2020082601001029,NIL,38,36,20,738.0,14760.0,2020-08-26
32295,2020082601001030,PIC,18,58,20,720.0,14400.0,2020-08-26
32293,2020082601001031,PLIC,57,56,63,614.0,38682.0,2020-08-26
32292,2020082601001032,ALBSL,28,38,10,759.0,7590.0,2020-08-26
32291,2020082601001033,ALBSL,28,45,24,759.0,18216.0,2020-08-26
32290,2020082601001034,ALBSL,28,11,15,760.0,11400.0,2020-08-26
32288,2020082601001035,NICL,43,5,82,510.0,41820.0,2020-08-26
32284,2020082601001036,SCB,25,51,10,654.0,6540.0,2020-08-26
32283,2020082601001037,SCB,25,16,40,655.0,26200.0,2020-08-26
32281,2020082601001038,NICL,43,32,100,510.0,51000.0,2020-08-26
32278,2020082601001039,PLIC,16,1,59,615.0,36285.0,2020-08-26
32277,2020082601001040,PLIC,16,29,394,615.0,242310.0,2020-08-26
32271,2020082601001041,NRIC,34,34,40,679.0,27160.0,2020-08-26
32267,2020082601001042,LBL,22,10,13,233.0,3029.0,2020-08-26
32264,2020082601001043,ALICL,4,44,832,701.0,583232.0,2020-08-26
32263,2020082601001044,SLICL,4,29,500,537.0,268500.0,2020-08-26
32262,2020082601001045,AIL,49,48,10,518.0,5180.0,2020-08-26
32261,2020082601001046,SLICL,58,52,30,538.0,16140.0,2020-08-26
32260,2020082601001047,SLICL,58,14,1000,538.0,538000.0,2020-08-26
32259,2020082601001048,PRVU,26,58,25,230.0,5750.0,2020-08-26
32258,2020082601001049,SBL,52,57,17,305.0,5185.0,2020-08-26
32257,2020082601001050,FMDBL,59,35,300,565.0,169500.0,2020-08-26
32255,2020082601001051,FMDBL,35,47,30,568.0,17040.0,2020-08-26
32253,2020082601001052,NRIC,57,39,50,680.0,34000.0,2020-08-26
32252,2020082601001053,AIL,49,16,10,518.0,5180.0,2020-08-26
32251,2020082601001054,NRIC,43,39,100,680.0,68000.0,2020-08-26
32249,2020082601001055,KBL,56,26,200,188.0,37600.0,2020-08-26
32248,2020082601001056,NICL,43,4,60,510.0,30600.0,2020-08-26
32245,2020082601001057,UPCL,1,50,100,70.0,7000.0,2020-08-26
32244,2020082601001058,EBL,25,49,50,727.0,36350.0,2020-08-26
32243,2020082601001059,NMB,22,6,450,421.0,189450.0,2020-08-26
32240,2020082601001060,SLICL,4,26,100,537.0,53700.0,2020-08-26
32239,2020082601001061,NRIC,57,39,140,680.0,95200.0,2020-08-26
32238,2020082601001062,NRIC,57,58,50,680.0,34000.0,2020-08-26
32237,2020082601001063,NRIC,57,39,250,680.0,170000.0,2020-08-26
32236,2020082601001064,NRIC,57,39,250,680.0,170000.0,2020-08-26
32235,2020082601001065,NRIC,57,39,40,680.0,27200.0,2020-08-26
32234,2020082601001066,NRIC,57,29,500,680.0,340000.0,2020-08-26
32233,2020082601001067,NRIC,57,26,25,680.0,17000.0,2020-08-26
32232,2020082601001068,NRIC,57,59,140,680.0,95200.0,2020-08-26
32231,2020082601001069,NRIC,57,22,40,680.0,27200.0,2020-08-26
32230,2020082601001070,NRIC,57,38,50,680.0,34000.0,2020-08-26
32229,2020082601001071,NRIC,57,22,50,680.0,34000.0,2020-08-26
32226,2020082601001072,PPCL,32,57,10,112.0,1120.0,2020-08-26
32225,2020082601001073,SLICL,4,29,600,537.0,322200.0,2020-08-26
32224,2020082601001074,SCB,49,57,100,650.0,65000.0,2020-08-26
32223,2020082601001075,SCB,43,57,20,650.0,13000.0,2020-08-26
32222,2020082601001076,SANIMA,25,58,10,340.0,3400.0,2020-08-26
32221,2020082601001077,NICL,33,14,52,511.0,26572.0,2020-08-26
32220,2020082601001078,NICL,33,6,23,511.0,11753.0,2020-08-26
32219,2020082601001079,NICL,33,38,11,511.0,5621.0,2020-08-26
32218,2020082601001080,NICL,33,32,250,511.0,127750.0,2020-08-26
32216,2020082601001081,NIL,49,36,200,738.0,147600.0,2020-08-26
32214,2020082601001082,MEGA,37,55,100,224.0,22400.0,2020-08-26
32213,2020082601001083,MEGA,4,55,891,224.0,199584.0,2020-08-26
32212,2020082601001084,SJCL,6,45,20,135.0,2700.0,2020-08-26
32211,2020082601001085,AIL,48,5,10,519.0,5190.0,2020-08-26
32210,2020082601001086,AIL,48,57,430,520.0,223600.0,2020-08-26
32209,2020082601001087,AIL,48,21,10,520.0,5200.0,2020-08-26
32208,2020082601001088,AIL,48,5,10,520.0,5200.0,2020-08-26
32207,2020082601001089,NIL,6,36,160,738.0,118080.0,2020-08-26
32206,2020082601001090,KSBBL,45,25,1000,143.0,143000.0,2020-08-26
32205,2020082601001091,KSBBL,52,25,20,143.0,2860.0,2020-08-26
32204,2020082601001092,KSBBL,14,25,30,143.0,4290.0,2020-08-26
32203,2020082601001093,NRIC,6,33,50,681.0,34050.0,2020-08-26
32202,2020082601001094,NRIC,6,43,40,681.0,27240.0,2020-08-26
32201,2020082601001095,NRIC,6,45,40,681.0,27240.0,2020-08-26
32200,2020082601001096,SIL,8,46,50,685.0,34250.0,2020-08-26
32199,2020082601001097,SIL,8,29,200,685.0,137000.0,2020-08-26
32198,2020082601001098,PLIC,16,53,47,615.0,28905.0,2020-08-26
32197,2020082601001099,PLIC,57,53,100,615.0,61500.0,2020-08-26
32192,2020082601001100,AIL,49,16,10,518.0,5180.0,2020-08-26
32191,2020082601001101,MFIL,43,25,100,284.0,28400.0,2020-08-26
32190,2020082601001102,MFIL,43,40,10,285.0,2850.0,2020-08-26
32189,2020082601001103,MFIL,43,19,200,285.0,57000.0,2020-08-26
32188,2020082601001104,MFIL,43,6,400,285.0,114000.0,2020-08-26
32186,2020082601001105,SPDL,33,45,15,112.0,1680.0,2020-08-26
32184,2020082601001106,SKBBL,39,13,10,1323.0,13230.0,2020-08-26
32183,2020082601001107,SPDL,33,47,10,112.0,1120.0,2020-08-26
32181,2020082601001108,SBL,52,6,83,305.0,25315.0,2020-08-26
32180,2020082601001109,SBL,6,6,99,305.0,30195.0,2020-08-26
32178,2020082601001110,AKJCL,38,28,10,54.0,540.0,2020-08-26
32177,2020082601001111,CFCL,33,32,10,124.0,1240.0,2020-08-26
32176,2020082601001112,RSDC,19,57,100,535.0,53500.0,2020-08-26
32175,2020082601001113,RSDC,19,29,100,538.0,53800.0,2020-08-26
32173,2020082601001114,NRIC,59,49,40,682.0,27280.0,2020-08-26
32172,2020082601001115,NRIC,59,53,1000,682.0,682000.0,2020-08-26
32171,2020082601001116,NRIC,59,58,50,682.0,34100.0,2020-08-26
32170,2020082601001117,NRIC,59,19,100,682.0,68200.0,2020-08-26
32169,2020082601001118,NLIC,45,57,25,1385.0,34625.0,2020-08-26
32168,2020082601001119,NLIC,45,38,175,1385.0,242375.0,2020-08-26
32167,2020082601001120,GBLBS,45,1,20,513.0,10260.0,2020-08-26
32166,2020082601001121,GBLBS,45,25,75,514.0,38550.0,2020-08-26
32165,2020082601001122,GBLBS,45,52,200,514.0,102800.0,2020-08-26
32164,2020082601001123,IGI,51,38,30,502.0,15060.0,2020-08-26
32163,2020082601001124,UIC,37,29,500,408.0,204000.0,2020-08-26
32162,2020082601001125,EIC,45,40,50,477.0,23850.0,2020-08-26
32161,2020082601001126,EIC,42,10,40,475.0,19000.0,2020-08-26
32160,2020082601001127,EIC,47,10,50,475.0,23750.0,2020-08-26
32159,2020082601001128,EIC,42,10,100,475.0,47500.0,2020-08-26
32158,2020082601001129,NICA,25,58,50,579.0,28950.0,2020-08-26
32157,2020082601001130,LGIL,29,49,45,495.0,22275.0,2020-08-26
32156,2020082601001131,PLIC,17,53,192,615.0,118080.0,2020-08-26
32155,2020082601001132,PLIC,17,42,300,616.0,184800.0,2020-08-26
32154,2020082601001133,UPPER,7,45,40,226.0,9040.0,2020-08-26
32153,2020082601001134,MFIL,44,47,1000,280.0,280000.0,2020-08-26
32152,2020082601001135,NRIC,5,55,20,682.0,13640.0,2020-08-26
32151,2020082601001136,UPCL,1,42,90,70.0,6300.0,2020-08-26
32150,2020082601001137,SDLBSL,32,48,10,836.0,8360.0,2020-08-26
32149,2020082601001138,LGIL,29,51,31,495.0,15345.0,2020-08-26
32148,2020082601001139,SHPC,33,52,42,232.0,9744.0,2020-08-26
32147,2020082601001140,NBL,22,8,70,292.0,20440.0,2020-08-26
32146,2020082601001141,NBL,22,51,40,292.0,11680.0,2020-08-26
32145,2020082601001142,NBB,25,4,272,197.0,53584.0,2020-08-26
32144,2020082601001143,NBB,46,4,28,197.0,5516.0,2020-08-26
32142,2020082601001144,NIL,6,53,100,738.0,73800.0,2020-08-26
32141,2020082601001145,AIL,49,57,10,518.0,5180.0,2020-08-26
32139,2020082601001146,NIL,6,59,50,738.0,36900.0,2020-08-26
32138,2020082601001147,ALBSL,36,53,11,750.0,8250.0,2020-08-26
32137,2020082601001148,SLICL,10,50,107,539.0,57673.0,2020-08-26
32136,2020082601001149,NRIC,6,11,12,683.0,8196.0,2020-08-26
32132,2020082601001150,NRIC,5,51,10,682.0,6820.0,2020-08-26
32131,2020082601001151,HPPL,33,47,10,137.0,1370.0,2020-08-26
32130,2020082601001152,NMB,34,6,350,421.0,147350.0,2020-08-26
32129,2020082601001153,NICL,44,29,49,511.0,25039.0,2020-08-26
32128,2020082601001154,CHL,39,34,190,86.0,16340.0,2020-08-26
32127,2020082601001155,CHL,34,34,200,86.0,17200.0,2020-08-26
32126,2020082601001156,CHL,1,34,500,86.0,43000.0,2020-08-26
32124,2020082601001157,NIL,6,52,50,738.0,36900.0,2020-08-26
32123,2020082601001158,GBLBS,45,48,15,514.0,7710.0,2020-08-26
32121,2020082601001159,BOKL,38,52,304,228.0,69312.0,2020-08-26
32120,2020082601001160,NRIC,5,48,20,682.0,13640.0,2020-08-26
32119,2020082601001161,NRIC,45,48,30,681.0,20430.0,2020-08-26
32118,2020082601001162,KBL,33,26,100,188.0,18800.0,2020-08-26
32117,2020082601001163,GBLBS,1,21,180,515.0,92700.0,2020-08-26
32116,2020082601001164,GBLBS,1,33,675,515.0,347625.0,2020-08-26
32114,2020082601001165,NRIC,41,11,28,683.0,19124.0,2020-08-26
32113,2020082601001166,NRIC,41,45,40,683.0,27320.0,2020-08-26
32112,2020082601001167,NRIC,41,56,200,683.0,136600.0,2020-08-26
32111,2020082601001168,NRIC,41,38,40,683.0,27320.0,2020-08-26
32110,2020082601001169,NRIC,41,45,100,683.0,68300.0,2020-08-26
32108,2020082601001170,NABIL,29,10,60,834.0,50040.0,2020-08-26
32106,2020082601001171,NCCB,55,42,460,192.0,88320.0,2020-08-26
32105,2020082601001172,NCCB,55,1,233,192.0,44736.0,2020-08-26
32104,2020082601001173,NICA,29,35,36,580.0,20880.0,2020-08-26
32100,2020082601001174,RSDC,47,56,100,539.0,53900.0,2020-08-26
32099,2020082601001175,NIL,37,52,50,738.0,36900.0,2020-08-26
32098,2020082601001176,ADBL,6,37,18,425.0,7650.0,2020-08-26
32094,2020082601001177,ACLBSL,47,21,10,708.0,7080.0,2020-08-26
32092,2020082601001178,NICL,44,1,50,511.0,25550.0,2020-08-26
32087,2020082601001179,PLIC,57,45,43,614.0,26402.0,2020-08-26
32086,2020082601001180,AIL,49,16,10,518.0,5180.0,2020-08-26
32085,2020082601001181,ALBSL,36,17,11,750.0,8250.0,2020-08-26
32084,2020082601001182,RADHI,41,45,11,172.0,1892.0,2020-08-26
32083,2020082601001183,RSDC,45,56,50,539.0,26950.0,2020-08-26
32082,2020082601001184,NICL,45,44,300,512.0,153600.0,2020-08-26
32078,2020082601001185,GBLBS,45,44,90,514.0,46260.0,2020-08-26
32077,2020082601001186,SRBL,52,26,160,233.0,37280.0,2020-08-26
32075,2020082601001187,BPCL,25,21,11,364.0,4004.0,2020-08-26
32070,2020082601001188,MERO,41,56,100,676.0,67600.0,2020-08-26
32069,2020082601001189,MERO,41,36,20,676.0,13520.0,2020-08-26
32068,2020082601001190,MERO,41,16,100,677.0,67700.0,2020-08-26
32066,2020082601001191,GLICL,49,45,45,529.0,23805.0,2020-08-26
32065,2020082601001192,NRIC,46,49,100,684.0,68400.0,2020-08-26
32062,2020082601001193,GBLBS,1,44,145,514.0,74530.0,2020-08-26
32061,2020082601001194,NICL,44,37,45,511.0,22995.0,2020-08-26
32060,2020082601001195,NIL,34,59,500,738.0,369000.0,2020-08-26
32058,2020082601001196,ALICL,17,26,100,704.0,70400.0,2020-08-26
32057,2020082601001197,ALICL,17,28,1000,704.0,704000.0,2020-08-26
32056,2020082601001198,ALICL,17,44,500,704.0,352000.0,2020-08-26
32055,2020082601001199,FMDBL,45,45,300,570.0,171000.0,2020-08-26
32054,2020082601001200,NRIC,45,49,50,684.0,34200.0,2020-08-26
32053,2020082601001201,AIL,49,43,10,518.0,5180.0,2020-08-26
32052,2020082601001202,KPCL,14,45,10,104.0,1040.0,2020-08-26
32051,2020082601001203,NRIC,41,50,10,683.0,6830.0,2020-08-26
32050,2020082601001204,NRIC,41,8,40,683.0,27320.0,2020-08-26
32048,2020082601001205,AIL,49,26,10,518.0,5180.0,2020-08-26
32045,2020082601001206,NRIC,26,49,130,684.0,88920.0,2020-08-26
32044,2020082601001207,NRIC,26,47,20,684.0,13680.0,2020-08-26
32043,2020082601001208,SIL,41,38,23,681.0,15663.0,2020-08-26
32042,2020082601001209,KBL,17,47,32,188.0,6016.0,2020-08-26
32041,2020082601001210,SFCL,52,45,130,143.0,18590.0,2020-08-26
32040,2020082601001211,SFCL,41,45,50,143.0,7150.0,2020-08-26
32038,2020082601001212,PCBL,45,11,1172,281.0,329332.0,2020-08-26
32037,2020082601001213,PCBL,33,11,189,281.0,53109.0,2020-08-26
32036,2020082601001214,KPCL,14,42,10,104.0,1040.0,2020-08-26
32035,2020082601001215,ALBSL,36,6,11,750.0,8250.0,2020-08-26
32034,2020082601001216,NMBHF1,34,38,4161,9.92,41277.1,2020-08-26
32032,2020082601001217,LGIL,29,6,250,495.0,123750.0,2020-08-26
32030,2020082601001218,RHPL,44,21,30,144.0,4320.0,2020-08-26
32029,2020082601001219,AIL,49,16,10,518.0,5180.0,2020-08-26
32028,2020082601001220,GBIME,10,45,200,254.0,50800.0,2020-08-26
32027,2020082601001221,NRIC,58,28,315,685.0,215775.0,2020-08-26
32026,2020082601001222,SDLBSL,38,33,10,837.0,8370.0,2020-08-26
32024,2020082601001223,NRIC,29,28,105,685.0,71925.0,2020-08-26
32023,2020082601001224,NRIC,29,16,10,685.0,6850.0,2020-08-26
32022,2020082601001225,NRIC,29,56,200,685.0,137000.0,2020-08-26
32021,2020082601001226,NRIC,29,39,100,685.0,68500.0,2020-08-26
32020,2020082601001227,NRIC,29,49,60,685.0,41100.0,2020-08-26
32019,2020082601001228,NRIC,29,32,10,685.0,6850.0,2020-08-26
32018,2020082601001229,NRIC,29,21,15,685.0,10275.0,2020-08-26
32017,2020082601001230,CHL,26,34,100,85.0,8500.0,2020-08-26
32016,2020082601001231,CHL,58,34,10,85.0,850.0,2020-08-26
32015,2020082601001232,SFCL,41,45,50,143.0,7150.0,2020-08-26
32014,2020082601001233,SPDL,33,34,29,112.0,3248.0,2020-08-26
32013,2020082601001234,AIL,49,43,10,518.0,5180.0,2020-08-26
32011,2020082601001235,MBL,17,6,26,229.0,5954.0,2020-08-26
32010,2020082601001236,MBL,14,6,40,229.0,9160.0,2020-08-26
32008,2020082601001237,SLICL,34,50,50,539.0,26950.0,2020-08-26
32007,2020082601001238,AIL,49,8,10,518.0,5180.0,2020-08-26
32003,2020082601001239,RRHP,21,21,10,90.0,900.0,2020-08-26
32000,2020082601001240,SDLBSL,32,34,10,836.0,8360.0,2020-08-26
31999,2020082601001241,NICL,33,44,300,512.0,153600.0,2020-08-26
31998,2020082601001242,NICL,33,21,15,512.0,7680.0,2020-08-26
31997,2020082601001243,NICL,33,16,10,512.0,5120.0,2020-08-26
31996,2020082601001244,NICL,33,57,100,512.0,51200.0,2020-08-26
31995,2020082601001245,NICL,33,54,100,512.0,51200.0,2020-08-26
31994,2020082601001246,UPPER,7,43,93,226.0,21018.0,2020-08-26
31992,2020082601001247,MERO,46,21,50,678.0,33900.0,2020-08-26
31991,2020082601001248,NRIC,34,21,35,685.0,23975.0,2020-08-26
31990,2020082601001249,NRIC,34,11,30,685.0,20550.0,2020-08-26
31989,2020082601001250,NRIC,34,44,50,685.0,34250.0,2020-08-26
31988,2020082601001251,NRIC,34,11,30,685.0,20550.0,2020-08-26
31987,2020082601001252,NRIC,34,40,100,685.0,68500.0,2020-08-26
31986,2020082601001253,NRIC,34,34,40,685.0,27400.0,2020-08-26
31985,2020082601001254,NRIC,34,58,40,685.0,27400.0,2020-08-26
31984,2020082601001255,PLIC,35,35,125,615.0,76875.0,2020-08-26
31983,2020082601001256,KMCDB,52,57,10,770.0,7700.0,2020-08-26
31982,2020082601001257,NADEP,29,17,23,620.0,14260.0,2020-08-26
31980,2020082601001258,PCBL,33,17,811,281.0,227891.0,2020-08-26
31979,2020082601001259,PCBL,5,17,500,281.0,140500.0,2020-08-26
31977,2020082601001260,API,42,22,10,110.0,1100.0,2020-08-26
31975,2020082601001261,NRIC,34,26,35,685.0,23975.0,2020-08-26
31974,2020082601001262,EIC,17,17,100,473.0,47300.0,2020-08-26
31973,2020082601001263,EIC,34,17,900,472.0,424800.0,2020-08-26
31972,2020082601001264,SJCL,6,21,20,135.0,2700.0,2020-08-26
31970,2020082601001265,SLICL,4,29,500,537.0,268500.0,2020-08-26
31969,2020082601001266,NRIC,51,13,50,685.0,34250.0,2020-08-26
31967,2020082601001267,PIC,36,38,200,722.0,144400.0,2020-08-26
31966,2020082601001268,PIC,36,1,250,722.0,180500.0,2020-08-26
31965,2020082601001269,SFCL,57,45,100,143.0,14300.0,2020-08-26
31961,2020082601001270,KMCDB,52,39,10,782.0,7820.0,2020-08-26
31960,2020082601001271,AIL,7,58,30,519.0,15570.0,2020-08-26
31959,2020082601001272,AIL,7,55,10,519.0,5190.0,2020-08-26
31958,2020082601001273,NRIC,36,13,150,685.0,102750.0,2020-08-26
31957,2020082601001274,NRIC,36,39,50,685.0,34250.0,2020-08-26
31956,2020082601001275,NRIC,36,33,500,686.0,343000.0,2020-08-26
31955,2020082601001276,NRIC,36,34,100,686.0,68600.0,2020-08-26
31954,2020082601001277,SMFBS,36,21,10,938.0,9380.0,2020-08-26
31952,2020082601001278,NRIC,36,49,50,686.0,34300.0,2020-08-26
31949,2020082601001279,JFL,1,45,10,167.0,1670.0,2020-08-26
31948,2020082601001280,JFL,48,45,690,164.0,113160.0,2020-08-26
31944,2020082601001281,SBI,25,51,20,429.0,8580.0,2020-08-26
31943,2020082601001282,NRIC,36,33,40,686.0,27440.0,2020-08-26
31937,2020082601001283,NRIC,36,29,200,686.0,137200.0,2020-08-26
31936,2020082601001284,UPPER,5,21,50,225.0,11250.0,2020-08-26
31935,2020082601001285,NICL,44,44,856,513.0,439128.0,2020-08-26
31933,2020082601001286,AIL,7,16,10,519.0,5190.0,2020-08-26
31928,2020082601001287,CIT,45,10,110,2875.0,316250.0,2020-08-26
31926,2020082601001288,SIC,36,41,353,840.0,296520.0,2020-08-26
31925,2020082601001289,SIC,36,45,47,840.0,39480.0,2020-08-26
31923,2020082601001290,NIB,58,17,30,422.0,12660.0,2020-08-26
31922,2020082601001291,MEGA,28,59,500,224.0,112000.0,2020-08-26
31921,2020082601001292,MEGA,48,59,200,224.0,44800.0,2020-08-26
31920,2020082601001293,MEGA,34,59,300,224.0,67200.0,2020-08-26
31919,2020082601001294,AHPC,57,46,500,95.0,47500.0,2020-08-26
31918,2020082601001295,AHPC,49,46,100,95.0,9500.0,2020-08-26
31917,2020082601001296,AHPC,14,46,500,95.0,47500.0,2020-08-26
31916,2020082601001297,NRIC,36,45,40,686.0,27440.0,2020-08-26
31915,2020082601001298,RSDC,47,56,50,539.0,26950.0,2020-08-26
31914,2020082601001299,RSDC,47,49,50,540.0,27000.0,2020-08-26
31913,2020082601001300,NRIC,22,6,70,687.0,48090.0,2020-08-26
31912,2020082601001301,NRIC,6,6,200,687.0,137400.0,2020-08-26
31910,2020082601001302,NRIC,36,29,85,686.0,58310.0,2020-08-26
31909,2020082601001303,GBLBS,32,1,15,511.0,7665.0,2020-08-26
31908,2020082601001304,ALBSL,50,17,11,751.0,8261.0,2020-08-26
31907,2020082601001305,SLICL,20,50,50,539.0,26950.0,2020-08-26
31906,2020082601001306,SLICL,20,53,1000,539.0,539000.0,2020-08-26
31905,2020082601001307,SLICL,20,21,50,539.0,26950.0,2020-08-26
31904,2020082601001308,AIL,7,16,10,519.0,5190.0,2020-08-26
31903,2020082601001309,KBL,33,33,300,189.0,56700.0,2020-08-26
31902,2020082601001310,KBL,33,45,1100,189.0,207900.0,2020-08-26
31901,2020082601001311,KBL,33,45,118,189.0,22302.0,2020-08-26
31899,2020082601001312,ALBSL,28,51,10,764.0,7640.0,2020-08-26
31898,2020082601001313,ALBSL,28,52,50,764.0,38200.0,2020-08-26
31897,2020082601001314,ALBSL,28,16,40,765.0,30600.0,2020-08-26
31894,2020082601001315,NRIC,36,25,50,686.0,34300.0,2020-08-26
31893,2020082601001316,RBCL,53,34,10,9855.0,98550.0,2020-08-26
31892,2020082601001317,NABIL,37,10,20,834.0,16680.0,2020-08-26
31890,2020082601001318,GBLBS,32,10,85,511.0,43435.0,2020-08-26
31889,2020082601001319,GBLBS,51,10,500,510.0,255000.0,2020-08-26
31888,2020082601001320,GBLBS,42,10,20,510.0,10200.0,2020-08-26
31887,2020082601001321,GBLBS,1,10,26,510.0,13260.0,2020-08-26
31886,2020082601001322,AIL,7,45,10,519.0,5190.0,2020-08-26
31885,2020082601001323,SJCL,6,21,20,135.0,2700.0,2020-08-26
31883,2020082601001324,RRHP,21,50,10,90.0,900.0,2020-08-26
31882,2020082601001325,GBLBS,1,17,15,510.0,7650.0,2020-08-26
31880,2020082601001326,UPPER,5,33,50,225.0,11250.0,2020-08-26
31879,2020082601001327,NMFBS,53,13,10,1544.0,15440.0,2020-08-26
31878,2020082601001328,NMFBS,56,13,16,1544.0,24704.0,2020-08-26
31873,2020082601001329,NRIC,37,6,400,687.0,274800.0,2020-08-26
31870,2020082601001330,NRIC,49,6,50,687.0,34350.0,2020-08-26
31869,2020082601001331,NRIC,36,45,40,686.0,27440.0,2020-08-26
31868,2020082601001332,NICL,33,44,144,513.0,73872.0,2020-08-26
31867,2020082601001333,NICL,33,16,10,513.0,5130.0,2020-08-26
31866,2020082601001334,SHIVM,48,22,100,646.0,64600.0,2020-08-26
31865,2020082601001335,SHIVM,48,32,100,647.0,64700.0,2020-08-26
31864,2020082601001336,NLIC,50,38,50,1385.0,69250.0,2020-08-26
31863,2020082601001337,SDLBSL,32,16,10,836.0,8360.0,2020-08-26
31862,2020082601001338,KBL,17,4,68,188.0,12784.0,2020-08-26
31861,2020082601001339,KBL,53,4,32,188.0,6016.0,2020-08-26
31858,2020082601001340,NICA,34,25,500,580.0,290000.0,2020-08-26
31857,2020082601001341,NICA,44,25,300,580.0,174000.0,2020-08-26
31856,2020082601001342,ALBSL,50,21,10,751.0,7510.0,2020-08-26
31854,2020082601001343,SHIVM,48,29,300,647.0,194100.0,2020-08-26
31852,2020082601001344,ILBS,19,17,11,751.0,8261.0,2020-08-26
31851,2020082601001345,NICL,33,53,100,513.0,51300.0,2020-08-26
31850,2020082601001346,PRIN,58,57,15,546.0,8190.0,2020-08-26
31847,2020082601001347,PIC,42,33,20,722.0,14440.0,2020-08-26
31844,2020082601001348,PLIC,35,48,75,615.0,46125.0,2020-08-26
31843,2020082601001349,PLIC,34,48,37,615.0,22755.0,2020-08-26
31841,2020082601001350,SLICL,32,32,200,538.0,107600.0,2020-08-26
31839,2020082601001351,API,44,7,500,109.0,54500.0,2020-08-26
31838,2020082601001352,NABIL,17,57,27,832.0,22464.0,2020-08-26
31837,2020082601001353,NRIC,16,6,265,687.0,182055.0,2020-08-26
31836,2020082601001354,SIC,39,45,10,840.0,8400.0,2020-08-26
31835,2020082601001355,NRIC,16,39,85,687.0,58395.0,2020-08-26
31834,2020082601001356,MEGA,41,59,100,225.0,22500.0,2020-08-26
31833,2020082601001357,AKJCL,38,42,20,54.0,1080.0,2020-08-26
31832,2020082601001358,KBL,33,59,135,189.0,25515.0,2020-08-26
31830,2020082601001359,NRIC,16,45,50,687.0,34350.0,2020-08-26
31829,2020082601001360,IGI,51,43,18,502.0,9036.0,2020-08-26
31827,2020082601001361,NRIC,16,16,30,687.0,20610.0,2020-08-26
31825,2020082601001362,TRH,41,43,200,212.0,42400.0,2020-08-26
31824,2020082601001363,SMFBS,36,17,10,938.0,9380.0,2020-08-26
31821,2020082601001364,AIL,7,17,10,519.0,5190.0,2020-08-26
31819,2020082601001365,SLICL,32,7,50,538.0,26900.0,2020-08-26
31817,2020082601001366,NICA,44,57,200,580.0,116000.0,2020-08-26
31816,2020082601001367,SLICL,4,50,100,540.0,54000.0,2020-08-26
31815,2020082601001368,SLICL,4,42,20,540.0,10800.0,2020-08-26
31814,2020082601001369,SLICL,4,50,100,540.0,54000.0,2020-08-26
31813,2020082601001370,SLICL,4,44,300,540.0,162000.0,2020-08-26
31812,2020082601001371,SLICL,4,45,20,540.0,10800.0,2020-08-26
31811,2020082601001372,SLICL,4,41,25,540.0,13500.0,2020-08-26
31810,2020082601001373,SLICL,4,29,501,540.0,270540.0,2020-08-26
31809,2020082601001374,AIL,7,50,10,519.0,5190.0,2020-08-26
31808,2020082601001375,PIC,42,53,25,722.0,18050.0,2020-08-26
31807,2020082601001376,AIL,7,16,10,519.0,5190.0,2020-08-26
31806,2020082601001377,ACLBSL,48,21,20,710.0,14200.0,2020-08-26
31805,2020082601001378,NIL,32,14,500,737.0,368500.0,2020-08-26
31803,2020082601001379,NRIC,54,49,40,688.0,27520.0,2020-08-26
31802,2020082601001380,NRIC,54,28,460,688.0,316480.0,2020-08-26
31801,2020082601001381,MERO,41,49,70,677.0,47390.0,2020-08-26
31799,2020082601001382,SHIVM,48,14,100,647.0,64700.0,2020-08-26
31795,2020082601001383,NICL,33,44,1221,513.0,626373.0,2020-08-26
31794,2020082601001384,BPCL,25,21,22,364.0,8008.0,2020-08-26
31793,2020082601001385,GBLBS,1,10,459,510.0,234090.0,2020-08-26
31792,2020082601001386,GBLBS,52,10,50,510.0,25500.0,2020-08-26
31791,2020082601001387,SPDL,33,34,15,112.0,1680.0,2020-08-26
31790,2020082601001388,AHPC,49,51,32,95.0,3040.0,2020-08-26
31786,2020082601001389,AIL,7,43,10,519.0,5190.0,2020-08-26
31785,2020082601001390,ILBS,19,21,11,751.0,8261.0,2020-08-26
31784,2020082601001391,AIL,7,17,10,519.0,5190.0,2020-08-26
31783,2020082601001392,GLICL,48,49,10,529.0,5290.0,2020-08-26
31782,2020082601001393,NLICL,56,29,300,728.0,218400.0,2020-08-26
31781,2020082601001394,NLICL,56,58,100,730.0,73000.0,2020-08-26
31780,2020082601001395,NLICL,56,32,50,730.0,36500.0,2020-08-26
31779,2020082601001396,NLICL,56,48,30,730.0,21900.0,2020-08-26
31778,2020082601001397,MERO,41,42,100,677.0,67700.0,2020-08-26
31776,2020082601001398,CBBL,35,50,80,1085.0,86800.0,2020-08-26
31775,2020082601001399,CBBL,42,50,40,1085.0,43400.0,2020-08-26
31774,2020082601001400,CBBL,45,50,120,1085.0,130200.0,2020-08-26
31773,2020082601001401,CBBL,32,50,50,1085.0,54250.0,2020-08-26
31772,2020082601001402,CCBL,45,35,100,175.0,17500.0,2020-08-26
31768,2020082601001403,EIC,58,10,10,475.0,4750.0,2020-08-26
31767,2020082601001404,EIC,58,56,10,475.0,4750.0,2020-08-26
31765,2020082601001405,PFL,26,10,14,147.0,2058.0,2020-08-26
31764,2020082601001406,GBIME,5,51,10,254.0,2540.0,2020-08-26
31763,2020082601001407,CCBL,37,1,22,176.0,3872.0,2020-08-26
31762,2020082601001408,CCBL,37,41,150,176.0,26400.0,2020-08-26
31761,2020082601001409,PLIC,34,44,100,615.0,61500.0,2020-08-26
31758,2020082601001410,ACLBSL,48,50,10,710.0,7100.0,2020-08-26
31756,2020082601001411,SHIVM,48,38,220,647.0,142340.0,2020-08-26
31755,2020082601001412,SHIVM,36,38,500,647.0,323500.0,2020-08-26
31754,2020082601001413,SHIVM,35,38,280,647.0,181160.0,2020-08-26
31753,2020082601001414,SHIVM,35,48,320,647.0,207040.0,2020-08-26
31752,2020082601001415,GBIME,46,44,150,255.0,38250.0,2020-08-26
31751,2020082601001416,GBIME,46,26,36,255.0,9180.0,2020-08-26
31750,2020082601001417,GBIME,46,41,707,255.0,180285.0,2020-08-26
31749,2020082601001418,GBIME,46,59,1000,255.0,255000.0,2020-08-26
31748,2020082601001419,GBIME,46,57,10,255.0,2550.0,2020-08-26
31747,2020082601001420,NRIC,13,28,40,688.0,27520.0,2020-08-26
31746,2020082601001421,AIL,7,17,10,519.0,5190.0,2020-08-26
31744,2020082601001422,JBBL,53,38,16,171.0,2736.0,2020-08-26
31741,2020082601001423,HPPL,5,51,10,138.0,1380.0,2020-08-26
31740,2020082601001424,KPCL,14,39,10,104.0,1040.0,2020-08-26
31737,2020082601001425,EBL,6,57,27,725.0,19575.0,2020-08-26
31735,2020082601001426,ACLBSL,44,44,10,715.0,7150.0,2020-08-26
31734,2020082601001427,NLICL,26,51,116,732.0,84912.0,2020-08-26
31733,2020082601001428,NLICL,26,52,50,733.0,36650.0,2020-08-26
31732,2020082601001429,NLICL,26,53,10,733.0,7330.0,2020-08-26
31731,2020082601001430,NLICL,26,35,100,733.0,73300.0,2020-08-26
31730,2020082601001431,NLICL,26,8,200,733.0,146600.0,2020-08-26
31729,2020082601001432,NLICL,26,43,100,734.0,73400.0,2020-08-26
31728,2020082601001433,NLICL,26,45,24,735.0,17640.0,2020-08-26
31727,2020082601001434,NLICL,26,58,10,735.0,7350.0,2020-08-26
31726,2020082601001435,NLICL,26,14,100,735.0,73500.0,2020-08-26
31725,2020082601001436,NLICL,26,8,200,736.0,147200.0,2020-08-26
31724,2020082601001437,NLICL,26,19,90,736.0,66240.0,2020-08-26
31723,2020082601001438,AIL,7,49,10,519.0,5190.0,2020-08-26
31722,2020082601001439,RHPL,44,45,10,144.0,1440.0,2020-08-26
31721,2020082601001440,GBLBS,42,17,15,509.0,7635.0,2020-08-26
31716,2020082601001441,GBIME,46,43,41,255.0,10455.0,2020-08-26
31715,2020082601001442,KKHC,13,51,10,50.0,500.0,2020-08-26
31714,2020082601001443,SLICL,4,50,191,540.0,103140.0,2020-08-26
31713,2020082601001444,CBL,36,47,90,145.0,13050.0,2020-08-26
31712,2020082601001445,NFS,58,38,30,179.0,5370.0,2020-08-26
31709,2020082601001446,NABIL,17,10,10,834.0,8340.0,2020-08-26
31708,2020082601001447,NABIL,17,17,163,835.0,136105.0,2020-08-26
31707,2020082601001448,SLICL,4,4,1000,540.0,540000.0,2020-08-26
31706,2020082601001449,CBBL,7,50,710,1085.0,770350.0,2020-08-26
31705,2020082601001450,CBBL,7,26,100,1091.0,109100.0,2020-08-26
31704,2020082601001451,CBBL,7,50,244,1091.0,266204.0,2020-08-26
31703,2020082601001452,CBBL,7,45,46,1091.0,50186.0,2020-08-26
31702,2020082601001453,NIL,19,14,424,737.0,312488.0,2020-08-26
31701,2020082601001454,NIL,19,59,427,738.0,315126.0,2020-08-26
31700,2020082601001455,NIL,19,5,200,738.0,147600.0,2020-08-26
31699,2020082601001456,NIL,19,54,30,739.0,22170.0,2020-08-26
31698,2020082601001457,NIL,19,43,1000,739.0,739000.0,2020-08-26
31697,2020082601001458,NIL,19,10,919,739.0,679141.0,2020-08-26
31696,2020082601001459,KSBBL,14,52,207,143.0,29601.0,2020-08-26
31694,2020082601001460,RHPL,44,21,10,144.0,1440.0,2020-08-26
31693,2020082601001461,RHPL,49,21,20,144.0,2880.0,2020-08-26
31692,2020082601001462,NMB,1,39,15,421.0,6315.0,2020-08-26
31691,2020082601001463,NIB,57,51,21,420.0,8820.0,2020-08-26
31690,2020082601001464,GHL,4,40,10,63.0,630.0,2020-08-26
31689,2020082601001465,NRIC,13,45,40,688.0,27520.0,2020-08-26
31688,2020082601001466,AIL,7,38,10,519.0,5190.0,2020-08-26
31687,2020082601001467,NRIC,13,3,40,688.0,27520.0,2020-08-26
31685,2020082601001468,GBLBS,42,50,15,509.0,7635.0,2020-08-26
31683,2020082601001469,ALBSL,50,37,11,751.0,8261.0,2020-08-26
31681,2020082601001470,ALBSL,50,16,258,751.0,193758.0,2020-08-26
31679,2020082601001471,SLICL,19,42,50,541.0,27050.0,2020-08-26
31678,2020082601001472,SLICL,19,34,150,541.0,81150.0,2020-08-26
31677,2020082601001473,NADEP,29,17,23,620.0,14260.0,2020-08-26
31675,2020082601001474,PIC,18,13,90,720.0,64800.0,2020-08-26
31673,2020082601001475,SPDL,33,51,15,112.0,1680.0,2020-08-26
31672,2020082601001476,NRIC,13,49,40,688.0,27520.0,2020-08-26
31671,2020082601001477,RRHP,21,21,10,90.0,900.0,2020-08-26
31669,2020082601001478,SLICL,19,34,350,541.0,189350.0,2020-08-26
31668,2020082601001479,SLICL,19,8,650,541.0,351650.0,2020-08-26
31663,2020082601001480,AIL,7,1,10,519.0,5190.0,2020-08-26
31662,2020082601001481,HBL,7,43,59,551.0,32509.0,2020-08-26
31660,2020082601001482,LBL,14,19,379,232.0,87928.0,2020-08-26
31659,2020082601001483,LBL,17,19,200,232.0,46400.0,2020-08-26
31658,2020082601001484,LBL,32,19,42,232.0,9744.0,2020-08-26
31656,2020082601001485,NRIC,13,29,40,688.0,27520.0,2020-08-26
31655,2020082601001486,NRIC,38,39,40,688.0,27520.0,2020-08-26
31654,2020082601001487,NBL,16,29,40,293.0,11720.0,2020-08-26
31653,2020082601001488,NBL,16,44,960,293.0,281280.0,2020-08-26
31649,2020082601001489,UPPER,5,21,50,225.0,11250.0,2020-08-26
31648,2020082601001490,AIL,7,7,10,519.0,5190.0,2020-08-26
31647,2020082601001491,ALBSL,50,51,11,751.0,8261.0,2020-08-26
31646,2020082601001492,API,44,22,300,109.0,32700.0,2020-08-26
31645,2020082601001493,NRIC,48,6,40,689.0,27560.0,2020-08-26
31643,2020082601001494,ALICL,4,55,200,701.0,140200.0,2020-08-26
31642,2020082601001495,NLICL,54,19,110,736.0,80960.0,2020-08-26
31641,2020082601001496,NLICL,54,16,190,736.0,139840.0,2020-08-26
31639,2020082601001497,AKPL,36,38,13,116.0,1508.0,2020-08-26
31637,2020082601001498,CCBL,37,25,28,176.0,4928.0,2020-08-26
31636,2020082601001499,CCBL,33,25,22,176.0,3872.0,2020-08-26
31635,2020082601001500,NBL,52,44,1040,293.0,304720.0,2020-08-26
31634,2020082601001501,NBL,52,33,500,293.0,146500.0,2020-08-26
31633,2020082601001502,NBL,52,14,1000,293.0,293000.0,2020-08-26
31632,2020082601001503,NBL,52,21,10,293.0,2930.0,2020-08-26
31631,2020082601001504,NBL,52,19,50,293.0,14650.0,2020-08-26
31630,2020082601001505,NRIC,42,5,20,689.0,13780.0,2020-08-26
31628,2020082601001506,NLICL,50,16,50,736.0,36800.0,2020-08-26
31627,2020082601001507,UIC,35,11,10,410.0,4100.0,2020-08-26
31626,2020082601001508,GLICL,49,49,106,529.0,56074.0,2020-08-26
31625,2020082601001509,NLIC,59,28,22,1384.0,30448.0,2020-08-26
31624,2020082601001510,NLIC,59,58,28,1384.0,38752.0,2020-08-26
31622,2020082601001511,NIB,57,43,47,420.0,19740.0,2020-08-26
31621,2020082601001512,AIL,19,11,10,520.0,5200.0,2020-08-26
31620,2020082601001513,AIL,19,11,10,520.0,5200.0,2020-08-26
31619,2020082601001514,AIL,19,11,10,520.0,5200.0,2020-08-26
31618,2020082601001515,AIL,19,11,10,520.0,5200.0,2020-08-26
31617,2020082601001516,AIL,19,11,10,520.0,5200.0,2020-08-26
31616,2020082601001517,AIL,19,11,10,520.0,5200.0,2020-08-26
31615,2020082601001518,AIL,19,11,10,520.0,5200.0,2020-08-26
31614,2020082601001519,AIL,19,11,10,520.0,5200.0,2020-08-26
31613,2020082601001520,AIL,19,11,10,520.0,5200.0,2020-08-26
31612,2020082601001521,AIL,19,11,10,520.0,5200.0,2020-08-26
31611,2020082601001522,AIL,19,11,10,520.0,5200.0,2020-08-26
31610,2020082601001523,AIL,19,11,10,520.0,5200.0,2020-08-26
31609,2020082601001524,AIL,19,35,10,520.0,5200.0,2020-08-26
31608,2020082601001525,AIL,19,11,10,520.0,5200.0,2020-08-26
31607,2020082601001526,AIL,19,21,10,520.0,5200.0,2020-08-26
31606,2020082601001527,AIL,19,45,10,520.0,5200.0,2020-08-26
31605,2020082601001528,AIL,19,22,10,521.0,5210.0,2020-08-26
31604,2020082601001529,AIL,19,5,10,521.0,5210.0,2020-08-26
31603,2020082601001530,AIL,19,54,200,521.0,104200.0,2020-08-26
31602,2020082601001531,AIL,19,28,20,522.0,10440.0,2020-08-26
31601,2020082601001532,AIL,19,34,300,522.0,156600.0,2020-08-26
31598,2020082601001533,SICL,52,52,20,1267.0,25340.0,2020-08-26
31597,2020082601001534,SICL,52,25,30,1267.0,38010.0,2020-08-26
31596,2020082601001535,NGPL,34,22,63,117.0,7371.0,2020-08-26
31593,2020082601001536,DHPL,50,51,11,49.0,539.0,2020-08-26
31592,2020082601001537,NICA,17,57,200,580.0,116000.0,2020-08-26
31589,2020082601001538,SLICL,4,49,30,540.0,16200.0,2020-08-26
31585,2020082601001539,SDLBSL,32,49,10,836.0,8360.0,2020-08-26
31584,2020082601001540,SLICL,17,8,200,541.0,108200.0,2020-08-26
31582,2020082601001541,LGIL,29,56,174,495.0,86130.0,2020-08-26
31579,2020082601001542,API,44,38,30,109.0,3270.0,2020-08-26
31577,2020082601001543,SDLBSL,32,48,10,836.0,8360.0,2020-08-26
31576,2020082601001544,SBI,49,45,100,429.0,42900.0,2020-08-26
31575,2020082601001545,AIL,19,38,10,520.0,5200.0,2020-08-26
31573,2020082601001546,FMDBL,35,14,470,568.0,266960.0,2020-08-26
31572,2020082601001547,FMDBL,45,14,30,568.0,17040.0,2020-08-26
31569,2020082601001548,SPDL,33,34,29,112.0,3248.0,2020-08-26
31568,2020082601001549,CZBIL,26,51,13,193.0,2509.0,2020-08-26
31565,2020082601001550,SLICL,4,42,100,540.0,54000.0,2020-08-26
31564,2020082601001551,HBL,7,56,41,551.0,22591.0,2020-08-26
31563,2020082601001552,HBL,34,56,61,551.0,33611.0,2020-08-26
31561,2020082601001553,ALICL,25,42,50,703.0,35150.0,2020-08-26
31560,2020082601001554,ALICL,25,38,100,703.0,70300.0,2020-08-26
31559,2020082601001555,ALICL,25,53,400,703.0,281200.0,2020-08-26
31558,2020082601001556,ALICL,25,46,250,703.0,175750.0,2020-08-26
31557,2020082601001557,ALICL,25,44,200,704.0,140800.0,2020-08-26
31556,2020082601001558,CBBL,52,44,50,1091.0,54550.0,2020-08-26
31555,2020082601001559,SLICL,4,5,237,540.0,127980.0,2020-08-26
31554,2020082601001560,SDLBSL,32,29,10,836.0,8360.0,2020-08-26
31553,2020082601001561,NICA,45,57,100,580.0,58000.0,2020-08-26
31552,2020082601001562,NICA,45,14,200,580.0,116000.0,2020-08-26
31551,2020082601001563,NICA,45,33,50,580.0,29000.0,2020-08-26
31550,2020082601001564,NCCB,56,57,200,193.0,38600.0,2020-08-26
31549,2020082601001565,NIB,58,1,19,420.0,7980.0,2020-08-26
31547,2020082601001566,SMB,44,44,10,884.0,8840.0,2020-08-26
31546,2020082601001567,SDLBSL,32,48,10,836.0,8360.0,2020-08-26
31545,2020082601001568,NRIC,38,17,10,688.0,6880.0,2020-08-26
31544,2020082601001569,AIL,19,17,10,520.0,5200.0,2020-08-26
31542,2020082601001570,KBL,53,51,43,188.0,8084.0,2020-08-26
31541,2020082601001571,SLICL,13,22,41,540.0,22140.0,2020-08-26
31540,2020082601001572,NRIC,38,16,10,688.0,6880.0,2020-08-26
31536,2020082601001573,AHPC,49,45,18,95.0,1710.0,2020-08-26
31535,2020082601001574,AHPC,49,45,50,95.0,4750.0,2020-08-26
31534,2020082601001575,AHPC,49,45,50,95.0,4750.0,2020-08-26
31533,2020082601001576,AHPC,17,45,100,95.0,9500.0,2020-08-26
31532,2020082601001577,AHPC,14,45,282,95.0,26790.0,2020-08-26
31530,2020082601001578,PLIC,50,42,100,616.0,61600.0,2020-08-26
31529,2020082601001579,AIL,19,16,10,520.0,5200.0,2020-08-26
31528,2020082601001580,PLIC,34,13,12,615.0,7380.0,2020-08-26
31527,2020082601001581,RHPC,4,53,10,85.0,850.0,2020-08-26
31526,2020082601001582,RHPC,4,47,50,85.0,4250.0,2020-08-26
31525,2020082601001583,NRIC,38,45,30,688.0,20640.0,2020-08-26
31523,2020082601001584,NRIC,29,5,180,689.0,124020.0,2020-08-26
31522,2020082601001585,NRIC,29,28,320,689.0,220480.0,2020-08-26
31521,2020082601001586,SDLBSL,32,48,10,836.0,8360.0,2020-08-26
31518,2020082601001587,NRIC,37,28,180,689.0,124020.0,2020-08-26
31517,2020082601001588,NRIC,37,45,240,689.0,165360.0,2020-08-26
31516,2020082601001589,NRIC,37,49,80,689.0,55120.0,2020-08-26
31515,2020082601001590,API,44,17,170,109.0,18530.0,2020-08-26
31513,2020082601001591,AIL,19,17,10,520.0,5200.0,2020-08-26
31511,2020082601001592,RMDC,45,39,10,826.0,8260.0,2020-08-26
31510,2020082601001593,NRIC,38,49,10,688.0,6880.0,2020-08-26
31509,2020082601001594,NRIC,16,49,20,688.0,13760.0,2020-08-26
31508,2020082601001595,NRIC,56,49,10,688.0,6880.0,2020-08-26
31506,2020082601001596,SIC,13,22,83,830.0,68890.0,2020-08-26
31505,2020082601001597,SIC,25,22,388,827.0,320876.0,2020-08-26
31503,2020082601001598,PCBL,45,51,414,281.0,116334.0,2020-08-26
31502,2020082601001599,PCBL,57,51,22,280.0,6160.0,2020-08-26
31498,2020082601001600,JOSHI,53,45,20,60.0,1200.0,2020-08-26
31497,2020082601001601,SDLBSL,32,52,10,836.0,8360.0,2020-08-26
31494,2020082601001602,NRIC,6,49,200,689.0,137800.0,2020-08-26
31493,2020082601001603,ALBSL,50,17,11,751.0,8261.0,2020-08-26
31492,2020082601001604,MEGA,34,41,64,224.0,14336.0,2020-08-26
31491,2020082601001605,SDLBSL,32,48,10,836.0,8360.0,2020-08-26
31488,2020082601001606,NFS,41,38,27,179.0,4833.0,2020-08-26
31487,2020082601001607,NFS,41,51,13,180.0,2340.0,2020-08-26
