sn,contract,symbol,buyer,seller,qty,rate,amt,date
34421,2020083001000001,NABIL,41,4,20,850.0,17000.0,2020-08-30
34420,2020083001000002,SCB,46,46,20,631.0,12620.0,2020-08-30
34419,2020083001000003,KBL,22,52,108,195.0,21060.0,2020-08-30
34418,2020083001000004,KBL,22,41,92,195.0,17940.0,2020-08-30
34417,2020083001000005,HGI,38,56,10,474.0,4740.0,2020-08-30
34416,2020083001000006,PIC,57,46,20,689.0,13780.0,2020-08-30
34415,2020083001000007,BFC,43,8,10,97.0,970.0,2020-08-30
34414,2020083001000008,SFCL,42,52,30,113.0,3390.0,2020-08-30
34413,2020083001000009,SFCL,42,53,70,113.0,7910.0,2020-08-30
34412,2020083001000010,SFCL,22,53,30,113.0,3390.0,2020-08-30
34411,2020083001000011,SFCL,29,53,500,113.0,56500.0,2020-08-30
34410,2020083001000012,SFCL,29,53,500,113.0,56500.0,2020-08-30
34409,2020083001000013,GBIME,57,34,100,257.0,25700.0,2020-08-30
34408,2020083001000014,ALICL,34,26,10,699.0,6990.0,2020-08-30
34407,2020083001000015,ADBL,38,33,100,446.0,44600.0,2020-08-30
34406,2020083001000016,ADBL,34,17,60,446.0,26760.0,2020-08-30
34405,2020083001000017,ADBL,34,41,40,446.0,17840.0,2020-08-30
34404,2020083001000018,GBBL,3,52,10,249.0,2490.0,2020-08-30
34403,2020083001000019,FMDBL,53,19,20,565.0,11300.0,2020-08-30
34402,2020083001000020,RLFL,11,40,100,128.0,12800.0,2020-08-30
34401,2020083001000021,KMCDB,52,19,10,808.0,8080.0,2020-08-30
34400,2020083001000022,RHPC,34,34,10,88.0,880.0,2020-08-30
34399,2020083001000023,API,41,46,30,109.0,3270.0,2020-08-30
34398,2020083001000024,WOMI,53,45,10,927.0,9270.0,2020-08-30
34397,2020083001000025,KKHC,46,46,16,52.5,840.0,2020-08-30
34396,2020083001000026,KKHC,46,28,16,52.5,840.0,2020-08-30
34395,2020083001000027,CHL,46,46,10,91.0,910.0,2020-08-30
34394,2020083001000028,CHL,46,46,10,91.0,910.0,2020-08-30
34393,2020083001000029,RRHP,46,46,10,96.0,960.0,2020-08-30
34392,2020083001000030,ACLBSL,58,46,10,681.0,6810.0,2020-08-30
34391,2020083001000031,SABSL,26,46,10,751.0,7510.0,2020-08-30
34390,2020083001000032,SABSL,46,46,1,751.0,751.0,2020-08-30
34389,2020083001000033,HDHPC,39,59,10,99.0,990.0,2020-08-30
34388,2020083001000034,HDHPC,39,34,10,99.0,990.0,2020-08-30
34387,2020083001000035,NRN,22,13,10,387.0,3870.0,2020-08-30
34386,2020083001000036,NRN,7,37,10,387.0,3870.0,2020-08-30
34385,2020083001000037,NRN,7,43,10,387.0,3870.0,2020-08-30
34384,2020083001000038,NRN,7,37,10,387.0,3870.0,2020-08-30
34383,2020083001000039,NRN,7,42,10,387.0,3870.0,2020-08-30
34382,2020083001000040,NRN,7,5,10,387.0,3870.0,2020-08-30
34381,2020083001000041,NRN,5,47,10,387.0,3870.0,2020-08-30
34380,2020083001000042,NRN,5,47,10,387.0,3870.0,2020-08-30
34379,2020083001000043,NRN,5,39,10,387.0,3870.0,2020-08-30
34378,2020083001000044,NRN,5,48,10,387.0,3870.0,2020-08-30
34377,2020083001000045,NRN,5,47,10,387.0,3870.0,2020-08-30
34376,2020083001000046,NRN,5,39,10,387.0,3870.0,2020-08-30
34375,2020083001000047,NRN,5,59,10,387.0,3870.0,2020-08-30
34374,2020083001000048,NRN,5,47,10,387.0,3870.0,2020-08-30
34373,2020083001000049,NRN,5,39,10,387.0,3870.0,2020-08-30
34372,2020083001000050,NRN,5,42,10,387.0,3870.0,2020-08-30
34371,2020083001000051,NRN,39,59,10,387.0,3870.0,2020-08-30
34370,2020083001000052,NRN,39,47,10,387.0,3870.0,2020-08-30
34369,2020083001000053,NRN,29,39,10,387.0,3870.0,2020-08-30
34368,2020083001000054,NRN,25,25,10,387.0,3870.0,2020-08-30
34367,2020083001000055,NRN,25,47,10,387.0,3870.0,2020-08-30
34366,2020083001000056,NRN,25,59,10,387.0,3870.0,2020-08-30
34365,2020083001000057,NRN,25,47,10,387.0,3870.0,2020-08-30
34364,2020083001000058,NRN,25,59,10,387.0,3870.0,2020-08-30
34363,2020083001000059,NRN,25,47,10,387.0,3870.0,2020-08-30
34362,2020083001000060,NRN,25,41,10,387.0,3870.0,2020-08-30
34361,2020083001000061,NRN,25,57,10,387.0,3870.0,2020-08-30
34360,2020083001000062,NRN,25,59,10,387.0,3870.0,2020-08-30
34359,2020083001000063,NRN,25,59,10,387.0,3870.0,2020-08-30
34358,2020083001000064,NRN,7,52,10,387.0,3870.0,2020-08-30
34357,2020083001000065,NRN,7,59,10,387.0,3870.0,2020-08-30
34356,2020083001000066,NRN,7,59,10,387.0,3870.0,2020-08-30
34355,2020083001000067,NRN,7,59,10,387.0,3870.0,2020-08-30
34354,2020083001000068,NRN,7,59,10,387.0,3870.0,2020-08-30
34353,2020083001000069,NRN,7,59,10,387.0,3870.0,2020-08-30
34352,2020083001000070,NRN,7,59,10,387.0,3870.0,2020-08-30
34351,2020083001000071,NRN,7,59,10,387.0,3870.0,2020-08-30
34350,2020083001000072,NRN,7,59,10,387.0,3870.0,2020-08-30
34349,2020083001000073,NRN,7,34,10,387.0,3870.0,2020-08-30
34348,2020083001000074,NRN,7,59,10,387.0,3870.0,2020-08-30
34347,2020083001000075,NRN,7,25,10,387.0,3870.0,2020-08-30
34346,2020083001000076,NRN,7,59,10,387.0,3870.0,2020-08-30
34345,2020083001000077,NRN,7,42,10,387.0,3870.0,2020-08-30
34344,2020083001000078,NRN,7,58,10,387.0,3870.0,2020-08-30
34343,2020083001000079,NRN,7,41,10,387.0,3870.0,2020-08-30
34342,2020083001000080,NRN,7,36,10,387.0,3870.0,2020-08-30
34341,2020083001000081,NRN,7,53,10,387.0,3870.0,2020-08-30
34340,2020083001000082,NRN,7,36,10,387.0,3870.0,2020-08-30
34339,2020083001000083,NRN,7,40,10,387.0,3870.0,2020-08-30
34338,2020083001000084,NRN,7,56,10,387.0,3870.0,2020-08-30
34337,2020083001000085,NRN,7,25,10,387.0,3870.0,2020-08-30
34336,2020083001000086,NRN,7,36,10,387.0,3870.0,2020-08-30
34335,2020083001000087,NRN,7,36,10,387.0,3870.0,2020-08-30
34334,2020083001000088,NRN,7,53,10,387.0,3870.0,2020-08-30
34333,2020083001000089,NRN,7,36,10,387.0,3870.0,2020-08-30
34332,2020083001000090,NRN,7,38,10,387.0,3870.0,2020-08-30
34331,2020083001000091,SIC,32,11,316,865.0,273340.0,2020-08-30
34330,2020083001000092,NRN,58,46,10,394.0,3940.0,2020-08-30
34329,2020083001000093,NRN,22,47,10,394.0,3940.0,2020-08-30
34328,2020083001000094,NRIC,22,34,100,709.0,70900.0,2020-08-30
34327,2020083001000095,NRIC,11,34,279,709.0,197811.0,2020-08-30
34326,2020083001000096,SFCL,42,53,60,113.0,6780.0,2020-08-30
34325,2020083001000097,GBIME,57,56,100,256.0,25600.0,2020-08-30
34324,2020083001000098,GBIME,57,56,100,256.0,25600.0,2020-08-30
34323,2020083001000099,GBIME,6,56,50,256.0,12800.0,2020-08-30
34322,2020083001000100,NRN,25,47,10,401.0,4010.0,2020-08-30
34321,2020083001000101,NRIC,43,57,25,700.0,17500.0,2020-08-30
34320,2020083001000102,NRIC,43,57,10,700.0,7000.0,2020-08-30
34319,2020083001000103,NRIC,43,57,25,700.0,17500.0,2020-08-30
34318,2020083001000104,NRIC,47,57,50,700.0,35000.0,2020-08-30
34317,2020083001000105,NRIC,6,57,60,700.0,42000.0,2020-08-30
34316,2020083001000106,NRIC,22,57,30,700.0,21000.0,2020-08-30
34315,2020083001000107,FMDBL,45,37,100,575.0,57500.0,2020-08-30
34314,2020083001000108,SIC,32,33,184,865.0,159160.0,2020-08-30
34313,2020083001000109,NRN,25,51,10,401.0,4010.0,2020-08-30
34312,2020083001000110,NRN,43,21,10,405.0,4050.0,2020-08-30
34311,2020083001000111,NRN,43,33,10,405.0,4050.0,2020-08-30
34310,2020083001000112,NRN,43,47,10,405.0,4050.0,2020-08-30
34309,2020083001000113,NRN,43,48,10,405.0,4050.0,2020-08-30
34308,2020083001000114,SFCL,42,53,50,113.0,5650.0,2020-08-30
34307,2020083001000115,NRN,43,38,10,405.0,4050.0,2020-08-30
34306,2020083001000116,NRIC,22,37,70,700.0,49000.0,2020-08-30
34305,2020083001000117,NRIC,40,37,270,700.0,189000.0,2020-08-30
34304,2020083001000118,NRN,43,18,10,405.0,4050.0,2020-08-30
34303,2020083001000119,NRN,43,5,10,405.0,4050.0,2020-08-30
34302,2020083001000120,NRN,43,21,10,405.0,4050.0,2020-08-30
34301,2020083001000121,NRN,43,36,10,405.0,4050.0,2020-08-30
34300,2020083001000122,NRN,43,25,10,405.0,4050.0,2020-08-30
34299,2020083001000123,NRN,17,41,10,405.0,4050.0,2020-08-30
34298,2020083001000124,NRN,17,38,10,405.0,4050.0,2020-08-30
34297,2020083001000125,NRN,17,56,10,405.0,4050.0,2020-08-30
34296,2020083001000126,NRN,17,47,10,405.0,4050.0,2020-08-30
34295,2020083001000127,NRN,17,42,10,405.0,4050.0,2020-08-30
34294,2020083001000128,NRN,17,43,10,405.0,4050.0,2020-08-30
34293,2020083001000129,NRN,17,58,10,405.0,4050.0,2020-08-30
34292,2020083001000130,NRN,17,8,10,405.0,4050.0,2020-08-30
34291,2020083001000131,NRN,17,45,10,405.0,4050.0,2020-08-30
34290,2020083001000132,NRN,17,32,10,405.0,4050.0,2020-08-30
34289,2020083001000133,NRN,17,33,10,405.0,4050.0,2020-08-30
34288,2020083001000134,NRN,17,6,10,405.0,4050.0,2020-08-30
34287,2020083001000135,NRN,17,32,10,405.0,4050.0,2020-08-30
34286,2020083001000136,NRN,17,14,10,405.0,4050.0,2020-08-30
34285,2020083001000137,SLICL,11,16,100,546.0,54600.0,2020-08-30
34284,2020083001000138,NRN,17,58,10,405.0,4050.0,2020-08-30
34283,2020083001000139,NRN,17,41,10,405.0,4050.0,2020-08-30
34282,2020083001000140,NRN,17,38,10,405.0,4050.0,2020-08-30
34281,2020083001000141,NRN,17,41,10,405.0,4050.0,2020-08-30
34280,2020083001000142,NRN,51,22,10,405.0,4050.0,2020-08-30
34279,2020083001000143,NRIC,45,37,100,700.0,70000.0,2020-08-30
34278,2020083001000144,NRIC,42,37,75,700.0,52500.0,2020-08-30
34277,2020083001000145,NRN,51,47,10,405.0,4050.0,2020-08-30
34276,2020083001000146,NRIC,43,39,25,698.0,17450.0,2020-08-30
34275,2020083001000147,NRIC,43,39,15,698.0,10470.0,2020-08-30
34274,2020083001000148,NRIC,54,37,200,700.0,140000.0,2020-08-30
34273,2020083001000149,NRN,51,8,10,405.0,4050.0,2020-08-30
34272,2020083001000150,NRN,51,21,10,405.0,4050.0,2020-08-30
34271,2020083001000151,PCBL,57,18,300,289.0,86700.0,2020-08-30
34270,2020083001000152,NRN,51,47,10,405.0,4050.0,2020-08-30
34269,2020083001000153,NRN,51,40,10,405.0,4050.0,2020-08-30
34268,2020083001000154,NRIC,43,34,10,698.0,6980.0,2020-08-30
34267,2020083001000155,NRIC,28,34,20,698.0,13960.0,2020-08-30
34266,2020083001000156,NRN,51,25,10,405.0,4050.0,2020-08-30
34265,2020083001000157,NRN,51,41,10,405.0,4050.0,2020-08-30
34264,2020083001000158,NRN,51,32,10,405.0,4050.0,2020-08-30
34263,2020083001000159,NRN,51,5,10,405.0,4050.0,2020-08-30
34262,2020083001000160,FMDBL,58,6,10,575.0,5750.0,2020-08-30
34261,2020083001000161,NRN,8,5,10,405.0,4050.0,2020-08-30
34260,2020083001000162,NRN,8,25,10,405.0,4050.0,2020-08-30
34259,2020083001000163,NRN,8,50,10,405.0,4050.0,2020-08-30
34258,2020083001000164,NRN,8,32,10,405.0,4050.0,2020-08-30
34257,2020083001000165,NRN,8,32,10,405.0,4050.0,2020-08-30
34256,2020083001000166,NRN,8,36,10,405.0,4050.0,2020-08-30
34255,2020083001000167,NRN,8,33,10,405.0,4050.0,2020-08-30
34254,2020083001000168,NRN,8,7,10,405.0,4050.0,2020-08-30
34253,2020083001000169,NRN,8,41,10,405.0,4050.0,2020-08-30
34252,2020083001000170,NRN,8,38,10,405.0,4050.0,2020-08-30
34251,2020083001000171,SFCL,38,53,40,113.0,4520.0,2020-08-30
34250,2020083001000172,SFCL,38,52,20,113.0,2260.0,2020-08-30
34249,2020083001000173,ACLBSL,34,59,10,694.0,6940.0,2020-08-30
34248,2020083001000174,NRN,8,25,10,405.0,4050.0,2020-08-30
34247,2020083001000175,NRN,8,36,10,405.0,4050.0,2020-08-30
34246,2020083001000176,NRN,8,29,10,405.0,4050.0,2020-08-30
34245,2020083001000177,SBI,43,29,200,440.0,88000.0,2020-08-30
34244,2020083001000178,NRN,8,56,10,405.0,4050.0,2020-08-30
34243,2020083001000179,NRN,8,5,10,405.0,4050.0,2020-08-30
34242,2020083001000180,SIC,44,33,100,865.0,86500.0,2020-08-30
34241,2020083001000181,NBB,42,11,50,200.0,10000.0,2020-08-30
34240,2020083001000182,NRN,8,38,10,405.0,4050.0,2020-08-30
34239,2020083001000183,NRN,8,26,10,405.0,4050.0,2020-08-30
34238,2020083001000184,NRN,8,45,10,405.0,4050.0,2020-08-30
34237,2020083001000185,NRN,8,46,10,405.0,4050.0,2020-08-30
34236,2020083001000186,NRN,8,47,10,405.0,4050.0,2020-08-30
34235,2020083001000187,NRN,46,41,10,405.0,4050.0,2020-08-30
34234,2020083001000188,NRN,46,33,10,405.0,4050.0,2020-08-30
34233,2020083001000189,NRN,46,5,10,405.0,4050.0,2020-08-30
34232,2020083001000190,NRN,46,58,10,405.0,4050.0,2020-08-30
34231,2020083001000191,NRN,46,32,10,405.0,4050.0,2020-08-30
34230,2020083001000192,NRN,46,45,10,405.0,4050.0,2020-08-30
34229,2020083001000193,NRN,46,3,10,405.0,4050.0,2020-08-30
34228,2020083001000194,NRN,46,58,10,405.0,4050.0,2020-08-30
34227,2020083001000195,NRN,46,57,10,405.0,4050.0,2020-08-30
34226,2020083001000196,NRN,46,43,10,405.0,4050.0,2020-08-30
34225,2020083001000197,SIC,11,19,100,863.0,86300.0,2020-08-30
34224,2020083001000198,NRN,46,47,10,405.0,4050.0,2020-08-30
34223,2020083001000199,NRIC,33,34,20,698.0,13960.0,2020-08-30
34222,2020083001000200,NRIC,33,51,20,698.0,13960.0,2020-08-30
34221,2020083001000201,NRIC,33,37,285,700.0,199500.0,2020-08-30
34220,2020083001000202,NRIC,33,38,40,700.0,28000.0,2020-08-30
34219,2020083001000203,NRIC,33,50,200,700.0,140000.0,2020-08-30
34218,2020083001000204,NRN,46,34,10,405.0,4050.0,2020-08-30
34217,2020083001000205,NRN,46,32,10,405.0,4050.0,2020-08-30
34216,2020083001000206,NRIC,33,19,100,700.0,70000.0,2020-08-30
34215,2020083001000207,NRN,45,22,10,405.0,4050.0,2020-08-30
34214,2020083001000208,NRN,45,8,10,405.0,4050.0,2020-08-30
34213,2020083001000209,NRN,48,52,10,405.0,4050.0,2020-08-30
34212,2020083001000210,NRN,48,44,10,405.0,4050.0,2020-08-30
34211,2020083001000211,NRN,48,47,10,405.0,4050.0,2020-08-30
34210,2020083001000212,NRN,48,21,10,405.0,4050.0,2020-08-30
34209,2020083001000213,RADHI,57,48,100,183.0,18300.0,2020-08-30
34208,2020083001000214,NRN,48,5,10,405.0,4050.0,2020-08-30
34207,2020083001000215,PCBL,57,18,200,289.0,57800.0,2020-08-30
34206,2020083001000216,NRN,48,32,10,405.0,4050.0,2020-08-30
34205,2020083001000217,NRN,48,26,10,405.0,4050.0,2020-08-30
34204,2020083001000218,NRN,48,34,10,405.0,4050.0,2020-08-30
34203,2020083001000219,NRN,48,51,10,405.0,4050.0,2020-08-30
34202,2020083001000220,FMDBL,22,48,100,570.0,57000.0,2020-08-30
34201,2020083001000221,NRN,48,28,10,405.0,4050.0,2020-08-30
34200,2020083001000222,NRN,59,26,10,405.0,4050.0,2020-08-30
34199,2020083001000223,SIC,45,33,100,865.0,86500.0,2020-08-30
34198,2020083001000224,NRN,59,22,10,405.0,4050.0,2020-08-30
34197,2020083001000225,NRN,59,59,10,405.0,4050.0,2020-08-30
34196,2020083001000226,SIC,14,33,10,865.0,8650.0,2020-08-30
34195,2020083001000227,NRN,59,47,10,405.0,4050.0,2020-08-30
34194,2020083001000228,NRN,22,51,10,405.0,4050.0,2020-08-30
34193,2020083001000229,NRN,22,33,10,405.0,4050.0,2020-08-30
34192,2020083001000230,NRN,22,42,10,405.0,4050.0,2020-08-30
34191,2020083001000231,NRN,22,47,10,405.0,4050.0,2020-08-30
34190,2020083001000232,NRN,22,58,10,405.0,4050.0,2020-08-30
34189,2020083001000233,NRN,22,32,10,405.0,4050.0,2020-08-30
34188,2020083001000234,NRN,22,14,10,405.0,4050.0,2020-08-30
34187,2020083001000235,NRN,22,56,10,405.0,4050.0,2020-08-30
34186,2020083001000236,NRN,22,33,10,405.0,4050.0,2020-08-30
34185,2020083001000237,NRN,22,8,10,405.0,4050.0,2020-08-30
34184,2020083001000238,NRN,52,45,10,405.0,4050.0,2020-08-30
34183,2020083001000239,NRN,52,41,10,405.0,4050.0,2020-08-30
34182,2020083001000240,NRN,52,32,10,405.0,4050.0,2020-08-30
34181,2020083001000241,NRN,52,41,10,405.0,4050.0,2020-08-30
34180,2020083001000242,NRN,52,14,10,405.0,4050.0,2020-08-30
34179,2020083001000243,NRN,52,51,10,405.0,4050.0,2020-08-30
34178,2020083001000244,NRN,52,21,10,405.0,4050.0,2020-08-30
34177,2020083001000245,NRN,52,40,10,405.0,4050.0,2020-08-30
34176,2020083001000246,NRN,52,34,10,405.0,4050.0,2020-08-30
34175,2020083001000247,NRN,52,47,10,405.0,4050.0,2020-08-30
34174,2020083001000248,NIL,58,25,20,785.0,15700.0,2020-08-30
34173,2020083001000249,NRIC,58,22,60,702.0,42120.0,2020-08-30
34172,2020083001000250,NIL,14,5,20,779.0,15580.0,2020-08-30
34171,2020083001000251,NIL,10,5,50,777.0,38850.0,2020-08-30
34170,2020083001000252,NLIC,59,28,21,1390.0,29190.0,2020-08-30
34169,2020083001000253,NRN,45,34,10,405.0,4050.0,2020-08-30
34168,2020083001000254,NRN,45,21,10,405.0,4050.0,2020-08-30
34167,2020083001000255,NRN,45,5,10,405.0,4050.0,2020-08-30
34166,2020083001000256,NRN,45,26,10,405.0,4050.0,2020-08-30
34165,2020083001000257,NMB,17,51,50,425.0,21250.0,2020-08-30
34164,2020083001000258,NRN,45,59,10,405.0,4050.0,2020-08-30
34163,2020083001000259,NRN,45,32,10,405.0,4050.0,2020-08-30
34162,2020083001000260,NRN,45,48,10,405.0,4050.0,2020-08-30
34161,2020083001000261,NRN,45,47,10,405.0,4050.0,2020-08-30
34160,2020083001000262,RHPC,50,34,490,88.0,43120.0,2020-08-30
34159,2020083001000263,NRN,45,21,10,405.0,4050.0,2020-08-30
34158,2020083001000264,NRIC,58,58,40,702.0,28080.0,2020-08-30
34157,2020083001000265,NRIC,8,58,10,702.0,7020.0,2020-08-30
34156,2020083001000266,NRN,45,13,10,405.0,4050.0,2020-08-30
34155,2020083001000267,NRN,45,26,10,405.0,4050.0,2020-08-30
34154,2020083001000268,NRIC,29,46,40,708.0,28320.0,2020-08-30
34153,2020083001000269,NRIC,29,19,100,708.0,70800.0,2020-08-30
34152,2020083001000270,NRN,45,47,10,405.0,4050.0,2020-08-30
34151,2020083001000271,NRN,45,57,10,405.0,4050.0,2020-08-30
34150,2020083001000272,NRN,45,14,10,405.0,4050.0,2020-08-30
34149,2020083001000273,NRN,45,8,10,405.0,4050.0,2020-08-30
34148,2020083001000274,CCBL,43,38,81,171.0,13851.0,2020-08-30
34147,2020083001000275,NRN,45,59,10,405.0,4050.0,2020-08-30
34146,2020083001000276,ADBL,4,34,100,438.0,43800.0,2020-08-30
34145,2020083001000277,NRN,45,45,10,405.0,4050.0,2020-08-30
34144,2020083001000278,NRN,45,40,10,405.0,4050.0,2020-08-30
34143,2020083001000279,NRN,45,56,10,405.0,4050.0,2020-08-30
34142,2020083001000280,NRN,45,57,10,405.0,4050.0,2020-08-30
34141,2020083001000281,NRN,45,10,10,405.0,4050.0,2020-08-30
34140,2020083001000282,NRN,45,26,10,405.0,4050.0,2020-08-30
34139,2020083001000283,NRN,45,11,10,405.0,4050.0,2020-08-30
34138,2020083001000284,NRN,45,14,10,405.0,4050.0,2020-08-30
34137,2020083001000285,NRN,45,47,10,405.0,4050.0,2020-08-30
34136,2020083001000286,GBIME,57,56,750,256.0,192000.0,2020-08-30
34135,2020083001000287,NRN,45,21,10,405.0,4050.0,2020-08-30
34134,2020083001000288,NRN,45,44,10,405.0,4050.0,2020-08-30
34133,2020083001000289,NRN,45,50,10,405.0,4050.0,2020-08-30
34132,2020083001000290,NRN,45,57,10,405.0,4050.0,2020-08-30
34131,2020083001000291,AKPL,47,29,100,120.0,12000.0,2020-08-30
34130,2020083001000292,AKPL,56,29,100,120.0,12000.0,2020-08-30
34129,2020083001000293,AKPL,26,29,1000,120.0,120000.0,2020-08-30
34128,2020083001000294,AKPL,38,29,400,120.0,48000.0,2020-08-30
34127,2020083001000295,AKPL,56,29,1000,120.0,120000.0,2020-08-30
34126,2020083001000296,AKPL,21,29,200,120.0,24000.0,2020-08-30
34125,2020083001000297,AKPL,40,29,500,120.0,60000.0,2020-08-30
34124,2020083001000298,AKPL,34,29,1700,120.0,204000.0,2020-08-30
34123,2020083001000299,NRN,45,47,10,405.0,4050.0,2020-08-30
34122,2020083001000300,NRN,45,21,10,405.0,4050.0,2020-08-30
34121,2020083001000301,NRN,45,59,10,405.0,4050.0,2020-08-30
34120,2020083001000302,NRN,45,4,10,405.0,4050.0,2020-08-30
34119,2020083001000303,NRIC,11,19,140,708.0,99120.0,2020-08-30
34118,2020083001000304,NRN,45,37,10,405.0,4050.0,2020-08-30
34117,2020083001000305,NRN,45,26,10,405.0,4050.0,2020-08-30
34116,2020083001000306,NRN,45,59,10,405.0,4050.0,2020-08-30
34115,2020083001000307,NIL,6,37,50,775.0,38750.0,2020-08-30
34114,2020083001000308,NRN,45,13,10,405.0,4050.0,2020-08-30
34113,2020083001000309,NRN,45,14,10,405.0,4050.0,2020-08-30
34112,2020083001000310,NRN,45,44,10,405.0,4050.0,2020-08-30
34111,2020083001000311,NRN,45,40,10,405.0,4050.0,2020-08-30
34110,2020083001000312,NRN,45,28,10,405.0,4050.0,2020-08-30
34109,2020083001000313,NRN,45,21,10,405.0,4050.0,2020-08-30
34108,2020083001000314,NRN,45,52,10,405.0,4050.0,2020-08-30
34107,2020083001000315,NRN,45,4,570,405.0,230850.0,2020-08-30
34106,2020083001000316,NRN,28,4,50,405.0,20250.0,2020-08-30
34105,2020083001000317,NRN,17,4,600,405.0,243000.0,2020-08-30
34104,2020083001000318,NRN,45,4,200,405.0,81000.0,2020-08-30
34103,2020083001000319,NRN,4,4,50,405.0,20250.0,2020-08-30
34102,2020083001000320,NRN,28,4,10,405.0,4050.0,2020-08-30
34101,2020083001000321,NRN,25,4,100,405.0,40500.0,2020-08-30
34100,2020083001000322,NRN,32,4,100,405.0,40500.0,2020-08-30
34099,2020083001000323,NRN,44,4,1000,405.0,405000.0,2020-08-30
34098,2020083001000324,NRN,58,4,200,405.0,81000.0,2020-08-30
34097,2020083001000325,NRN,52,4,200,405.0,81000.0,2020-08-30
34096,2020083001000326,NRN,55,4,100,405.0,40500.0,2020-08-30
34095,2020083001000327,NRN,4,4,250,405.0,101250.0,2020-08-30
34094,2020083001000328,NRN,58,4,100,405.0,40500.0,2020-08-30
34093,2020083001000329,NRN,45,4,500,405.0,202500.0,2020-08-30
34092,2020083001000330,NRN,42,4,150,405.0,60750.0,2020-08-30
34091,2020083001000331,NRN,48,4,50,405.0,20250.0,2020-08-30
34090,2020083001000332,NRN,53,4,10,405.0,4050.0,2020-08-30
34089,2020083001000333,NRN,21,4,1000,405.0,405000.0,2020-08-30
34088,2020083001000334,NRN,45,4,50,405.0,20250.0,2020-08-30
34087,2020083001000335,NRN,54,4,2000,405.0,810000.0,2020-08-30
34086,2020083001000336,NRN,16,4,350,405.0,141750.0,2020-08-30
34085,2020083001000337,NRN,43,4,20,405.0,8100.0,2020-08-30
34084,2020083001000338,NRN,28,4,10,405.0,4050.0,2020-08-30
34083,2020083001000339,NRN,11,4,50,405.0,20250.0,2020-08-30
34082,2020083001000340,NRN,42,4,1000,405.0,405000.0,2020-08-30
34081,2020083001000341,NRN,41,4,10,405.0,4050.0,2020-08-30
34080,2020083001000342,NRN,26,4,500,405.0,202500.0,2020-08-30
34079,2020083001000343,NRN,57,4,400,405.0,162000.0,2020-08-30
34078,2020083001000344,NRN,59,4,370,405.0,149850.0,2020-08-30
34077,2020083001000345,NRN,59,35,10,405.0,4050.0,2020-08-30
34076,2020083001000346,NRN,59,47,10,405.0,4050.0,2020-08-30
34075,2020083001000347,NRN,59,45,10,405.0,4050.0,2020-08-30
34074,2020083001000348,SPDL,37,5,15,112.0,1680.0,2020-08-30
34073,2020083001000349,FMDBL,53,14,32,565.0,18080.0,2020-08-30
34072,2020083001000350,NRN,59,26,10,405.0,4050.0,2020-08-30
34071,2020083001000351,NRN,59,11,10,405.0,4050.0,2020-08-30
34070,2020083001000352,NRN,59,33,10,405.0,4050.0,2020-08-30
34069,2020083001000353,NRN,59,40,10,405.0,4050.0,2020-08-30
34068,2020083001000354,RLFL,29,40,150,128.0,19200.0,2020-08-30
34067,2020083001000355,NRN,59,48,10,405.0,4050.0,2020-08-30
34066,2020083001000356,NRN,59,42,10,405.0,4050.0,2020-08-30
34065,2020083001000357,NRN,59,47,10,405.0,4050.0,2020-08-30
34064,2020083001000358,NRIC,13,43,100,707.0,70700.0,2020-08-30
34063,2020083001000359,NRIC,13,13,100,707.0,70700.0,2020-08-30
34062,2020083001000360,NRIC,13,58,20,707.0,14140.0,2020-08-30
34061,2020083001000361,NRIC,13,19,160,708.0,113280.0,2020-08-30
34060,2020083001000362,NRIC,13,33,300,709.0,212700.0,2020-08-30
34059,2020083001000363,NRIC,13,6,400,709.0,283600.0,2020-08-30
34058,2020083001000364,NRIC,13,34,171,709.0,121239.0,2020-08-30
34057,2020083001000365,NRIC,13,59,22,709.0,15598.0,2020-08-30
34056,2020083001000366,NRIC,13,37,727,709.0,515443.0,2020-08-30
34055,2020083001000367,NRN,59,58,10,405.0,4050.0,2020-08-30
34054,2020083001000368,OHL,7,58,11,335.0,3685.0,2020-08-30
34053,2020083001000369,NRN,59,13,10,405.0,4050.0,2020-08-30
34052,2020083001000370,NRN,59,40,10,405.0,4050.0,2020-08-30
34051,2020083001000371,NRN,59,57,10,405.0,4050.0,2020-08-30
34050,2020083001000372,NRN,59,13,10,405.0,4050.0,2020-08-30
34049,2020083001000373,NRN,59,47,10,405.0,4050.0,2020-08-30
34048,2020083001000374,NRN,59,59,10,405.0,4050.0,2020-08-30
34047,2020083001000375,NRN,59,56,10,405.0,4050.0,2020-08-30
34046,2020083001000376,NIL,11,5,100,765.0,76500.0,2020-08-30
34045,2020083001000377,NRN,59,37,10,405.0,4050.0,2020-08-30
34044,2020083001000378,NRN,59,14,10,405.0,4050.0,2020-08-30
34043,2020083001000379,NRN,59,14,10,405.0,4050.0,2020-08-30
34042,2020083001000380,AIL,58,29,100,510.0,51000.0,2020-08-30
34041,2020083001000381,SCB,59,19,67,637.0,42679.0,2020-08-30
34040,2020083001000382,NRN,59,45,10,405.0,4050.0,2020-08-30
34039,2020083001000383,NRN,59,26,10,405.0,4050.0,2020-08-30
34038,2020083001000384,NRN,59,38,10,405.0,4050.0,2020-08-30
34037,2020083001000385,AKPL,50,29,100,122.0,12200.0,2020-08-30
34036,2020083001000386,AKPL,56,29,100,122.0,12200.0,2020-08-30
34035,2020083001000387,NRN,59,44,10,405.0,4050.0,2020-08-30
34034,2020083001000388,NRN,59,50,10,405.0,4050.0,2020-08-30
34033,2020083001000389,NRN,59,7,10,405.0,4050.0,2020-08-30
34032,2020083001000390,NRN,59,3,10,405.0,4050.0,2020-08-30
34031,2020083001000391,NRN,59,42,10,405.0,4050.0,2020-08-30
34030,2020083001000392,NRN,59,4,10,405.0,4050.0,2020-08-30
34029,2020083001000393,NRN,59,50,10,405.0,4050.0,2020-08-30
34028,2020083001000394,AKPL,52,29,200,122.0,24400.0,2020-08-30
34027,2020083001000395,NRIC,50,37,50,709.0,35450.0,2020-08-30
34026,2020083001000396,FMDBL,6,58,79,569.0,44951.0,2020-08-30
34025,2020083001000397,FMDBL,6,53,100,570.0,57000.0,2020-08-30
34024,2020083001000398,FMDBL,6,35,100,570.0,57000.0,2020-08-30
34023,2020083001000399,FMDBL,6,34,21,570.0,11970.0,2020-08-30
34022,2020083001000400,AKPL,29,29,50,122.0,6100.0,2020-08-30
34021,2020083001000401,NIL,57,34,300,763.0,228900.0,2020-08-30
34020,2020083001000402,SLICL,43,40,100,538.0,53800.0,2020-08-30
34019,2020083001000403,SLICL,26,40,100,536.0,53600.0,2020-08-30
34018,2020083001000404,SLICL,35,40,200,536.0,107200.0,2020-08-30
34017,2020083001000405,NRN,59,51,10,405.0,4050.0,2020-08-30
34016,2020083001000406,NRN,59,47,10,405.0,4050.0,2020-08-30
34015,2020083001000407,NRN,59,56,10,405.0,4050.0,2020-08-30
34014,2020083001000408,KKHC,51,46,16,52.5,840.0,2020-08-30
34013,2020083001000409,KKHC,51,28,84,53.0,4452.0,2020-08-30
34012,2020083001000410,NRN,59,47,10,405.0,4050.0,2020-08-30
34011,2020083001000411,NRN,59,4,10,405.0,4050.0,2020-08-30
34010,2020083001000412,NRN,59,35,10,405.0,4050.0,2020-08-30
34009,2020083001000413,NRN,59,57,10,405.0,4050.0,2020-08-30
34008,2020083001000414,NRN,59,37,10,405.0,4050.0,2020-08-30
34007,2020083001000415,NRN,59,14,10,405.0,4050.0,2020-08-30
34006,2020083001000416,NRN,59,32,10,405.0,4050.0,2020-08-30
34005,2020083001000417,NRN,59,14,10,405.0,4050.0,2020-08-30
34004,2020083001000418,NRN,59,46,10,405.0,4050.0,2020-08-30
34003,2020083001000419,NRN,59,6,675,405.0,273375.0,2020-08-30
34002,2020083001000420,NRN,41,6,600,405.0,243000.0,2020-08-30
34001,2020083001000421,NRN,7,6,50,405.0,20250.0,2020-08-30
34000,2020083001000422,NRN,54,6,5000,405.0,2025000.0,2020-08-30
33999,2020083001000423,NRN,38,6,200,405.0,81000.0,2020-08-30
33998,2020083001000424,NRN,45,6,500,405.0,202500.0,2020-08-30
33997,2020083001000425,NRN,37,6,100,405.0,40500.0,2020-08-30
33996,2020083001000426,NRN,56,6,1000,405.0,405000.0,2020-08-30
33995,2020083001000427,NRN,29,6,10,405.0,4050.0,2020-08-30
33994,2020083001000428,NRN,32,6,500,405.0,202500.0,2020-08-30
33993,2020083001000429,NRN,50,6,50,405.0,20250.0,2020-08-30
33992,2020083001000430,NRN,45,6,100,405.0,40500.0,2020-08-30
33991,2020083001000431,NRN,52,6,50,405.0,20250.0,2020-08-30
33990,2020083001000432,NRN,41,6,10,405.0,4050.0,2020-08-30
33989,2020083001000433,NRN,19,6,500,405.0,202500.0,2020-08-30
33988,2020083001000434,NRN,34,6,200,405.0,81000.0,2020-08-30
33987,2020083001000435,NRN,35,6,455,405.0,184275.0,2020-08-30
33986,2020083001000436,NRN,35,11,10,405.0,4050.0,2020-08-30
33985,2020083001000437,NRN,35,26,10,405.0,4050.0,2020-08-30
33984,2020083001000438,NRN,35,13,10,405.0,4050.0,2020-08-30
33983,2020083001000439,NRN,35,38,10,405.0,4050.0,2020-08-30
33982,2020083001000440,AIL,22,4,10,506.0,5060.0,2020-08-30
33981,2020083001000441,NRN,17,50,10,405.0,4050.0,2020-08-30
33980,2020083001000442,NRN,17,4,80,405.0,32400.0,2020-08-30
33979,2020083001000443,NRN,54,4,10,405.0,4050.0,2020-08-30
33978,2020083001000444,NRN,8,4,500,405.0,202500.0,2020-08-30
33977,2020083001000445,NRN,34,4,10,405.0,4050.0,2020-08-30
33976,2020083001000446,NRN,55,4,100,405.0,40500.0,2020-08-30
33975,2020083001000447,NRN,41,4,100,405.0,40500.0,2020-08-30
33974,2020083001000448,NRN,7,4,2000,405.0,810000.0,2020-08-30
33973,2020083001000449,NRN,55,4,1000,405.0,405000.0,2020-08-30
33972,2020083001000450,NRN,58,4,10,405.0,4050.0,2020-08-30
33971,2020083001000451,NRN,22,4,10,405.0,4050.0,2020-08-30
33970,2020083001000452,NRN,26,4,50,405.0,20250.0,2020-08-30
33969,2020083001000453,NRN,38,4,6130,405.0,2482650.0,2020-08-30
33968,2020083001000454,SHIVM,34,14,20,667.0,13340.0,2020-08-30
33967,2020083001000455,NRN,38,18,10,405.0,4050.0,2020-08-30
33966,2020083001000456,NRN,38,52,10,405.0,4050.0,2020-08-30
33965,2020083001000457,NRN,38,37,10,405.0,4050.0,2020-08-30
33964,2020083001000458,NRN,38,40,10,405.0,4050.0,2020-08-30
33963,2020083001000459,NRN,38,42,10,405.0,4050.0,2020-08-30
33962,2020083001000460,NRN,38,14,10,405.0,4050.0,2020-08-30
33961,2020083001000461,AKPL,56,29,200,122.0,24400.0,2020-08-30
33960,2020083001000462,NRN,38,29,10,405.0,4050.0,2020-08-30
33959,2020083001000463,NRN,38,4,10,405.0,4050.0,2020-08-30
33958,2020083001000464,NRN,38,38,10,405.0,4050.0,2020-08-30
33957,2020083001000465,NRIC,16,36,50,703.0,35150.0,2020-08-30
33956,2020083001000466,NRN,38,45,10,405.0,4050.0,2020-08-30
33955,2020083001000467,NRN,38,18,10,405.0,4050.0,2020-08-30
33954,2020083001000468,NRN,38,50,10,405.0,4050.0,2020-08-30
33953,2020083001000469,NRN,38,47,10,405.0,4050.0,2020-08-30
33952,2020083001000470,NRN,38,57,10,405.0,4050.0,2020-08-30
33951,2020083001000471,NRIC,45,58,100,708.0,70800.0,2020-08-30
33950,2020083001000472,NRN,38,13,10,405.0,4050.0,2020-08-30
33949,2020083001000473,NRN,38,26,10,405.0,4050.0,2020-08-30
33948,2020083001000474,NRN,38,45,10,405.0,4050.0,2020-08-30
33947,2020083001000475,NRN,38,38,10,405.0,4050.0,2020-08-30
33946,2020083001000476,NRIC,16,4,50,703.0,35150.0,2020-08-30
33945,2020083001000477,NRN,38,50,10,405.0,4050.0,2020-08-30
33944,2020083001000478,NRN,38,13,10,405.0,4050.0,2020-08-30
33943,2020083001000479,NRN,38,38,10,405.0,4050.0,2020-08-30
33942,2020083001000480,NRN,38,11,10,405.0,4050.0,2020-08-30
33941,2020083001000481,NICL,58,57,83,513.0,42579.0,2020-08-30
33940,2020083001000482,SDLBSL,55,6,10,832.0,8320.0,2020-08-30
33939,2020083001000483,SDLBSL,55,6,10,832.0,8320.0,2020-08-30
33938,2020083001000484,NRN,38,52,10,405.0,4050.0,2020-08-30
33937,2020083001000485,NRN,38,59,10,405.0,4050.0,2020-08-30
33936,2020083001000486,NRN,38,11,10,405.0,4050.0,2020-08-30
33935,2020083001000487,CBL,54,38,500,144.0,72000.0,2020-08-30
33934,2020083001000488,NRN,38,35,10,405.0,4050.0,2020-08-30
33933,2020083001000489,NRN,38,56,10,405.0,4050.0,2020-08-30
33932,2020083001000490,NRN,38,20,10,405.0,4050.0,2020-08-30
33931,2020083001000491,NIL,57,55,200,763.0,152600.0,2020-08-30
33930,2020083001000492,AKPL,44,29,40,122.0,4880.0,2020-08-30
33929,2020083001000493,NRN,38,16,10,405.0,4050.0,2020-08-30
33928,2020083001000494,NRN,38,14,10,405.0,4050.0,2020-08-30
33927,2020083001000495,NRN,38,33,10,405.0,4050.0,2020-08-30
33926,2020083001000496,NRN,38,22,10,405.0,4050.0,2020-08-30
33925,2020083001000497,AKPL,47,29,200,122.0,24400.0,2020-08-30
33924,2020083001000498,NRN,38,29,10,405.0,4050.0,2020-08-30
33923,2020083001000499,NRN,38,37,10,405.0,4050.0,2020-08-30
33922,2020083001000500,AIL,45,36,10,508.0,5080.0,2020-08-30
33921,2020083001000501,NRN,38,40,10,405.0,4050.0,2020-08-30
33920,2020083001000502,NRN,38,52,10,405.0,4050.0,2020-08-30
33919,2020083001000503,NRN,38,14,10,405.0,4050.0,2020-08-30
33918,2020083001000504,NRN,38,47,10,405.0,4050.0,2020-08-30
33917,2020083001000505,NIL,3,55,50,763.0,38150.0,2020-08-30
33916,2020083001000506,NRN,38,14,10,405.0,4050.0,2020-08-30
33915,2020083001000507,NRN,38,38,10,405.0,4050.0,2020-08-30
33914,2020083001000508,NRN,38,57,10,405.0,4050.0,2020-08-30
33913,2020083001000509,NRN,38,21,10,405.0,4050.0,2020-08-30
33912,2020083001000510,AIL,45,4,10,508.0,5080.0,2020-08-30
33911,2020083001000511,NRN,38,59,10,405.0,4050.0,2020-08-30
33910,2020083001000512,NRN,38,26,10,405.0,4050.0,2020-08-30
33909,2020083001000513,NRN,38,13,10,405.0,4050.0,2020-08-30
33908,2020083001000514,NRN,38,51,10,405.0,4050.0,2020-08-30
33907,2020083001000515,NRN,38,57,10,405.0,4050.0,2020-08-30
33906,2020083001000516,NRN,38,45,10,405.0,4050.0,2020-08-30
33905,2020083001000517,SIL,32,22,300,701.0,210300.0,2020-08-30
33904,2020083001000518,NRN,38,49,10,405.0,4050.0,2020-08-30
33903,2020083001000519,SDLBSL,55,42,10,835.0,8350.0,2020-08-30
33902,2020083001000520,NRN,38,18,10,405.0,4050.0,2020-08-30
33901,2020083001000521,NRN,38,47,10,405.0,4050.0,2020-08-30
33900,2020083001000522,NRN,38,58,10,405.0,4050.0,2020-08-30
33899,2020083001000523,NRN,38,4,10,405.0,4050.0,2020-08-30
33898,2020083001000524,SFCL,38,45,140,113.0,15820.0,2020-08-30
33897,2020083001000525,NRN,38,11,10,405.0,4050.0,2020-08-30
33896,2020083001000526,NRN,38,58,10,405.0,4050.0,2020-08-30
33895,2020083001000527,GBIME,19,34,100,257.0,25700.0,2020-08-30
33894,2020083001000528,NRN,38,11,10,405.0,4050.0,2020-08-30
33893,2020083001000529,NRN,38,18,10,405.0,4050.0,2020-08-30
33892,2020083001000530,NRN,38,38,10,405.0,4050.0,2020-08-30
33891,2020083001000531,NRN,38,34,10,405.0,4050.0,2020-08-30
33890,2020083001000532,SLBSL,28,7,50,840.0,42000.0,2020-08-30
33889,2020083001000533,NRN,38,29,10,405.0,4050.0,2020-08-30
33888,2020083001000534,NRN,38,21,10,405.0,4050.0,2020-08-30
33887,2020083001000535,NRN,38,37,10,405.0,4050.0,2020-08-30
33886,2020083001000536,SBL,34,8,10,309.0,3090.0,2020-08-30
33885,2020083001000537,NRN,38,29,10,405.0,4050.0,2020-08-30
33884,2020083001000538,NRN,38,40,10,405.0,4050.0,2020-08-30
33883,2020083001000539,NRN,38,50,10,405.0,4050.0,2020-08-30
33882,2020083001000540,NRN,38,58,10,405.0,4050.0,2020-08-30
33881,2020083001000541,NRIC,44,34,30,705.0,21150.0,2020-08-30
33880,2020083001000542,NRN,38,32,10,405.0,4050.0,2020-08-30
33879,2020083001000543,NIL,6,55,20,763.0,15260.0,2020-08-30
33878,2020083001000544,NRN,38,47,10,405.0,4050.0,2020-08-30
33877,2020083001000545,NRN,38,14,10,405.0,4050.0,2020-08-30
33876,2020083001000546,NRN,38,14,10,405.0,4050.0,2020-08-30
33875,2020083001000547,NRN,38,26,10,405.0,4050.0,2020-08-30
33874,2020083001000548,NRN,38,59,10,405.0,4050.0,2020-08-30
33873,2020083001000549,CBBL,53,33,20,1100.0,22000.0,2020-08-30
33872,2020083001000550,NRN,38,16,10,405.0,4050.0,2020-08-30
33871,2020083001000551,NRN,38,35,10,405.0,4050.0,2020-08-30
33870,2020083001000552,NRN,38,59,10,405.0,4050.0,2020-08-30
33869,2020083001000553,NRN,38,49,10,405.0,4050.0,2020-08-30
33868,2020083001000554,ADBL,17,37,50,430.0,21500.0,2020-08-30
33867,2020083001000555,NRN,38,49,10,405.0,4050.0,2020-08-30
33866,2020083001000556,NIL,26,55,50,763.0,38150.0,2020-08-30
33865,2020083001000557,NRIC,37,4,40,704.0,28160.0,2020-08-30
33864,2020083001000558,NRN,38,11,10,405.0,4050.0,2020-08-30
33863,2020083001000559,ADBL,17,37,100,430.0,43000.0,2020-08-30
33862,2020083001000560,NRN,38,17,10,405.0,4050.0,2020-08-30
33861,2020083001000561,AKPL,29,29,200,122.0,24400.0,2020-08-30
33860,2020083001000562,NRN,38,13,10,405.0,4050.0,2020-08-30
33859,2020083001000563,NRN,38,29,10,405.0,4050.0,2020-08-30
33858,2020083001000564,NRN,38,59,10,405.0,4050.0,2020-08-30
33857,2020083001000565,NRN,38,42,10,405.0,4050.0,2020-08-30
33856,2020083001000566,NRN,38,18,10,405.0,4050.0,2020-08-30
33855,2020083001000567,NBL,33,40,550,292.0,160600.0,2020-08-30
33854,2020083001000568,NRN,38,57,10,405.0,4050.0,2020-08-30
33853,2020083001000569,NRN,38,37,10,405.0,4050.0,2020-08-30
33852,2020083001000570,NRN,38,26,10,405.0,4050.0,2020-08-30
33851,2020083001000571,NRN,38,59,10,405.0,4050.0,2020-08-30
33850,2020083001000572,NRN,38,40,10,405.0,4050.0,2020-08-30
33849,2020083001000573,GBIME,41,56,200,256.0,51200.0,2020-08-30
33848,2020083001000574,SPDL,29,34,200,114.0,22800.0,2020-08-30
33847,2020083001000575,NBL,33,33,370,292.0,108040.0,2020-08-30
33846,2020083001000576,NIL,39,49,100,750.0,75000.0,2020-08-30
33845,2020083001000577,NLIC,22,20,50,1376.0,68800.0,2020-08-30
33844,2020083001000578,NLIC,25,20,50,1375.0,68750.0,2020-08-30
33843,2020083001000579,NBL,58,56,20,293.0,5860.0,2020-08-30
33842,2020083001000580,NRN,38,29,10,405.0,4050.0,2020-08-30
33841,2020083001000581,NRN,38,47,10,405.0,4050.0,2020-08-30
33840,2020083001000582,NRN,38,38,10,405.0,4050.0,2020-08-30
33839,2020083001000583,NRN,38,36,10,405.0,4050.0,2020-08-30
33838,2020083001000584,SIL,32,34,200,701.0,140200.0,2020-08-30
33837,2020083001000585,SIL,3,34,200,701.0,140200.0,2020-08-30
33836,2020083001000586,AKPL,43,29,1000,122.0,122000.0,2020-08-30
33835,2020083001000587,NRN,38,26,10,405.0,4050.0,2020-08-30
33834,2020083001000588,NRN,38,28,10,405.0,4050.0,2020-08-30
33833,2020083001000589,NRN,38,45,10,405.0,4050.0,2020-08-30
33832,2020083001000590,NRN,38,6,2910,405.0,1178550.0,2020-08-30
33831,2020083001000591,NRN,4,6,250,405.0,101250.0,2020-08-30
33830,2020083001000592,NRN,40,6,200,405.0,81000.0,2020-08-30
33829,2020083001000593,NRN,33,6,1000,405.0,405000.0,2020-08-30
33828,2020083001000594,NRN,55,6,290,405.0,117450.0,2020-08-30
33827,2020083001000595,NRN,43,6,100,405.0,40500.0,2020-08-30
33826,2020083001000596,NRN,52,6,50,405.0,20250.0,2020-08-30
33825,2020083001000597,NRN,26,6,1000,405.0,405000.0,2020-08-30
33824,2020083001000598,NRN,25,6,50,405.0,20250.0,2020-08-30
33823,2020083001000599,NRN,43,6,100,405.0,40500.0,2020-08-30
33822,2020083001000600,NRN,35,6,20,405.0,8100.0,2020-08-30
33821,2020083001000601,NRN,6,6,30,405.0,12150.0,2020-08-30
33820,2020083001000602,NRN,44,6,300,405.0,121500.0,2020-08-30
33819,2020083001000603,NRN,22,6,500,405.0,202500.0,2020-08-30
33818,2020083001000604,NRN,28,6,80,405.0,32400.0,2020-08-30
33817,2020083001000605,NRN,10,6,100,405.0,40500.0,2020-08-30
33816,2020083001000606,NRN,8,6,10,405.0,4050.0,2020-08-30
33815,2020083001000607,NRN,7,6,150,405.0,60750.0,2020-08-30
33814,2020083001000608,NRN,29,6,100,405.0,40500.0,2020-08-30
33813,2020083001000609,NRN,29,6,1567,405.0,634635.0,2020-08-30
33812,2020083001000610,FMDBL,42,49,40,565.0,22600.0,2020-08-30
33811,2020083001000611,NRN,29,38,10,405.0,4050.0,2020-08-30
33810,2020083001000612,NICL,14,57,317,513.0,162621.0,2020-08-30
33809,2020083001000613,AKPL,38,29,1000,122.0,122000.0,2020-08-30
33808,2020083001000614,NRN,29,11,10,405.0,4050.0,2020-08-30
33807,2020083001000615,NRN,29,4,10,405.0,4050.0,2020-08-30
33806,2020083001000616,AKPL,19,29,1910,122.0,233020.0,2020-08-30
33805,2020083001000617,AKPL,19,55,500,122.0,61000.0,2020-08-30
33804,2020083001000618,NRN,29,11,10,405.0,4050.0,2020-08-30
33803,2020083001000619,NRN,29,16,10,405.0,4050.0,2020-08-30
33802,2020083001000620,NRN,29,29,10,405.0,4050.0,2020-08-30
33801,2020083001000621,AKPL,19,53,1590,122.0,193980.0,2020-08-30
33800,2020083001000622,AKPL,17,53,100,121.0,12100.0,2020-08-30
33799,2020083001000623,AKPL,33,53,300,121.0,36300.0,2020-08-30
33798,2020083001000624,NRN,29,50,10,405.0,4050.0,2020-08-30
33797,2020083001000625,AKPL,10,53,500,121.0,60500.0,2020-08-30
33796,2020083001000626,NRN,29,57,10,405.0,4050.0,2020-08-30
33795,2020083001000627,AKPL,43,53,300,121.0,36300.0,2020-08-30
33794,2020083001000628,NRN,29,57,10,405.0,4050.0,2020-08-30
33793,2020083001000629,NRN,29,14,10,405.0,4050.0,2020-08-30
33792,2020083001000630,NRN,29,14,10,405.0,4050.0,2020-08-30
33791,2020083001000631,NRN,29,40,10,405.0,4050.0,2020-08-30
33790,2020083001000632,AKPL,47,53,210,121.0,25410.0,2020-08-30
33789,2020083001000633,NRN,29,52,10,405.0,4050.0,2020-08-30
33788,2020083001000634,NRN,29,57,10,405.0,4050.0,2020-08-30
33787,2020083001000635,NRN,29,47,10,405.0,4050.0,2020-08-30
33786,2020083001000636,NRN,29,21,10,405.0,4050.0,2020-08-30
33785,2020083001000637,NRN,29,36,10,405.0,4050.0,2020-08-30
33784,2020083001000638,NRN,29,3,10,405.0,4050.0,2020-08-30
33783,2020083001000639,NRIC,50,34,20,705.0,14100.0,2020-08-30
33782,2020083001000640,NRN,29,35,10,405.0,4050.0,2020-08-30
33781,2020083001000641,NABIL,35,40,10,849.0,8490.0,2020-08-30
33780,2020083001000642,NRN,29,59,10,405.0,4050.0,2020-08-30
33779,2020083001000643,NRN,29,18,10,405.0,4050.0,2020-08-30
33778,2020083001000644,NRN,29,38,10,405.0,4050.0,2020-08-30
33777,2020083001000645,NRN,29,26,10,405.0,4050.0,2020-08-30
33776,2020083001000646,SFCL,34,45,50,113.0,5650.0,2020-08-30
33775,2020083001000647,NRN,29,41,10,405.0,4050.0,2020-08-30
33774,2020083001000648,NRN,29,59,10,405.0,4050.0,2020-08-30
33773,2020083001000649,NRN,29,51,10,405.0,4050.0,2020-08-30
33772,2020083001000650,NRN,29,53,10,405.0,4050.0,2020-08-30
33771,2020083001000651,NRN,29,38,10,405.0,4050.0,2020-08-30
33770,2020083001000652,NRN,29,17,10,405.0,4050.0,2020-08-30
33769,2020083001000653,NRN,29,43,10,405.0,4050.0,2020-08-30
33768,2020083001000654,NRN,29,46,10,405.0,4050.0,2020-08-30
33767,2020083001000655,NRN,29,17,10,405.0,4050.0,2020-08-30
33766,2020083001000656,AKPL,51,7,200,122.0,24400.0,2020-08-30
33765,2020083001000657,NRN,29,50,10,405.0,4050.0,2020-08-30
33764,2020083001000658,NRN,29,37,10,405.0,4050.0,2020-08-30
33763,2020083001000659,AKPL,8,7,500,122.0,61000.0,2020-08-30
33762,2020083001000660,NRN,29,33,10,405.0,4050.0,2020-08-30
33761,2020083001000661,NRIC,29,34,20,705.0,14100.0,2020-08-30
33760,2020083001000662,NRN,29,16,10,405.0,4050.0,2020-08-30
33759,2020083001000663,AKPL,26,7,300,122.0,36600.0,2020-08-30
33758,2020083001000664,NRN,29,52,10,405.0,4050.0,2020-08-30
33757,2020083001000665,AIL,45,34,10,509.0,5090.0,2020-08-30
33756,2020083001000666,NRN,29,40,10,405.0,4050.0,2020-08-30
33755,2020083001000667,NRN,29,59,10,405.0,4050.0,2020-08-30
33754,2020083001000668,NRN,29,56,10,405.0,4050.0,2020-08-30
33753,2020083001000669,NRN,29,45,10,405.0,4050.0,2020-08-30
33752,2020083001000670,AKPL,26,57,700,122.0,85400.0,2020-08-30
33751,2020083001000671,AKPL,47,57,90,121.0,10890.0,2020-08-30
33750,2020083001000672,AKPL,45,57,100,121.0,12100.0,2020-08-30
33749,2020083001000673,AKPL,39,57,1300,121.0,157300.0,2020-08-30
33748,2020083001000674,AKPL,40,57,500,121.0,60500.0,2020-08-30
33747,2020083001000675,AKPL,34,57,300,120.0,36000.0,2020-08-30
33746,2020083001000676,AKPL,45,57,2000,120.0,240000.0,2020-08-30
33745,2020083001000677,AKPL,58,57,500,120.0,60000.0,2020-08-30
33744,2020083001000678,AKPL,51,57,300,120.0,36000.0,2020-08-30
33743,2020083001000679,AKPL,29,57,200,120.0,24000.0,2020-08-30
33742,2020083001000680,AKPL,51,57,100,120.0,12000.0,2020-08-30
33741,2020083001000681,AKPL,21,57,1000,120.0,120000.0,2020-08-30
33740,2020083001000682,AKPL,34,57,500,120.0,60000.0,2020-08-30
33739,2020083001000683,AKPL,35,57,500,120.0,60000.0,2020-08-30
33738,2020083001000684,AKPL,38,57,600,120.0,72000.0,2020-08-30
33737,2020083001000685,AKPL,45,57,100,120.0,12000.0,2020-08-30
33736,2020083001000686,AKPL,42,57,1210,120.0,145200.0,2020-08-30
33735,2020083001000687,SLICL,56,57,50,527.0,26350.0,2020-08-30
33734,2020083001000688,SLICL,58,57,250,526.0,131500.0,2020-08-30
33733,2020083001000689,PRIN,48,44,45,560.0,25200.0,2020-08-30
33732,2020083001000690,PRIN,59,44,100,560.0,56000.0,2020-08-30
33731,2020083001000691,PRIN,44,44,347,557.0,193279.0,2020-08-30
33730,2020083001000692,NRN,29,47,10,405.0,4050.0,2020-08-30
33729,2020083001000693,NRN,29,49,10,405.0,4050.0,2020-08-30
33728,2020083001000694,NRN,37,25,10,405.0,4050.0,2020-08-30
33727,2020083001000695,NRN,37,57,10,405.0,4050.0,2020-08-30
33726,2020083001000696,NRN,37,46,10,405.0,4050.0,2020-08-30
33725,2020083001000697,NRN,37,14,10,405.0,4050.0,2020-08-30
33724,2020083001000698,NRN,37,5,10,405.0,4050.0,2020-08-30
33723,2020083001000699,NRN,37,57,10,405.0,4050.0,2020-08-30
33722,2020083001000700,NRN,37,4,10,405.0,4050.0,2020-08-30
33721,2020083001000701,NRIC,4,34,100,705.0,70500.0,2020-08-30
33720,2020083001000702,SHINE,6,19,200,237.0,47400.0,2020-08-30
33719,2020083001000703,NBL,26,56,500,293.0,146500.0,2020-08-30
33718,2020083001000704,SFCL,29,45,10,113.0,1130.0,2020-08-30
33717,2020083001000705,SFCL,29,52,50,115.0,5750.0,2020-08-30
33716,2020083001000706,SFCL,29,42,10,115.0,1150.0,2020-08-30
33715,2020083001000707,NRN,37,29,10,405.0,4050.0,2020-08-30
33714,2020083001000708,SHIVM,45,38,370,667.0,246790.0,2020-08-30
33713,2020083001000709,NRIC,35,20,50,704.0,35200.0,2020-08-30
33712,2020083001000710,NRIC,16,20,100,703.0,70300.0,2020-08-30
33711,2020083001000711,NRIC,38,20,200,703.0,140600.0,2020-08-30
33710,2020083001000712,NRIC,38,20,150,703.0,105450.0,2020-08-30
33709,2020083001000713,NRN,37,49,10,405.0,4050.0,2020-08-30
33708,2020083001000714,NRN,37,43,10,405.0,4050.0,2020-08-30
33707,2020083001000715,UPCL,14,26,250,70.0,17500.0,2020-08-30
33706,2020083001000716,UPCL,29,26,250,70.0,17500.0,2020-08-30
33705,2020083001000717,NRN,37,17,10,405.0,4050.0,2020-08-30
33704,2020083001000718,NRN,37,59,10,405.0,4050.0,2020-08-30
33703,2020083001000719,NRN,37,21,10,405.0,4050.0,2020-08-30
33702,2020083001000720,NRN,37,38,10,405.0,4050.0,2020-08-30
33701,2020083001000721,NRN,37,14,10,405.0,4050.0,2020-08-30
33700,2020083001000722,NRN,37,36,10,405.0,4050.0,2020-08-30
33699,2020083001000723,NRN,37,47,10,405.0,4050.0,2020-08-30
33698,2020083001000724,NRN,37,47,10,405.0,4050.0,2020-08-30
33697,2020083001000725,NRN,37,53,10,405.0,4050.0,2020-08-30
33696,2020083001000726,NRN,37,35,10,405.0,4050.0,2020-08-30
33695,2020083001000727,CBL,54,45,77,144.0,11088.0,2020-08-30
33694,2020083001000728,NRIC,48,42,40,704.0,28160.0,2020-08-30
33693,2020083001000729,NRIC,48,34,360,705.0,253800.0,2020-08-30
33692,2020083001000730,NRIC,48,33,300,705.0,211500.0,2020-08-30
33691,2020083001000731,NRIC,48,29,200,705.0,141000.0,2020-08-30
33690,2020083001000732,NRIC,48,25,40,705.0,28200.0,2020-08-30
33689,2020083001000733,NRN,37,38,10,405.0,4050.0,2020-08-30
33688,2020083001000734,NRN,37,44,10,405.0,4050.0,2020-08-30
33687,2020083001000735,NRN,37,25,10,405.0,4050.0,2020-08-30
33686,2020083001000736,SHIVM,45,34,140,667.0,93380.0,2020-08-30
33685,2020083001000737,NRN,37,50,10,405.0,4050.0,2020-08-30
33684,2020083001000738,NRN,37,57,10,405.0,4050.0,2020-08-30
33683,2020083001000739,NRN,37,4,10,405.0,4050.0,2020-08-30
33682,2020083001000740,CBBL,7,33,30,1080.0,32400.0,2020-08-30
33681,2020083001000741,NRN,37,14,10,405.0,4050.0,2020-08-30
33680,2020083001000742,NRN,37,18,10,405.0,4050.0,2020-08-30
33679,2020083001000743,SHIVM,45,35,490,667.0,326830.0,2020-08-30
33678,2020083001000744,SHIVM,41,35,10,667.0,6670.0,2020-08-30
33677,2020083001000745,SHIVM,41,52,90,667.0,60030.0,2020-08-30
33676,2020083001000746,NRN,37,49,10,405.0,4050.0,2020-08-30
33675,2020083001000747,AIL,45,57,90,509.0,45810.0,2020-08-30
33674,2020083001000748,AIL,22,57,10,509.0,5090.0,2020-08-30
33673,2020083001000749,NRIC,48,41,25,705.0,17625.0,2020-08-30
33672,2020083001000750,NRN,37,45,10,405.0,4050.0,2020-08-30
33671,2020083001000751,UNHPL,34,26,20,56.0,1120.0,2020-08-30
33670,2020083001000752,NRN,37,55,10,405.0,4050.0,2020-08-30
33669,2020083001000753,SDLBSL,55,14,10,835.0,8350.0,2020-08-30
33668,2020083001000754,NRN,37,16,10,405.0,4050.0,2020-08-30
33667,2020083001000755,NRN,37,38,10,405.0,4050.0,2020-08-30
33666,2020083001000756,NRN,37,47,10,405.0,4050.0,2020-08-30
33665,2020083001000757,CBBL,53,32,20,1107.0,22140.0,2020-08-30
33664,2020083001000758,NRN,37,43,10,405.0,4050.0,2020-08-30
33663,2020083001000759,NRN,37,38,10,405.0,4050.0,2020-08-30
33662,2020083001000760,NRN,37,39,10,405.0,4050.0,2020-08-30
33661,2020083001000761,NRN,37,21,10,405.0,4050.0,2020-08-30
33660,2020083001000762,NRN,37,14,10,405.0,4050.0,2020-08-30
33659,2020083001000763,NICL,14,35,50,513.0,25650.0,2020-08-30
33658,2020083001000764,NRN,37,4,10,405.0,4050.0,2020-08-30
33657,2020083001000765,FMDBL,50,26,100,560.0,56000.0,2020-08-30
33656,2020083001000766,NRN,37,19,10,405.0,4050.0,2020-08-30
33655,2020083001000767,NRN,37,51,10,405.0,4050.0,2020-08-30
33654,2020083001000768,NRN,37,38,10,405.0,4050.0,2020-08-30
33653,2020083001000769,NRN,37,18,10,405.0,4050.0,2020-08-30
33652,2020083001000770,NRN,37,47,10,405.0,4050.0,2020-08-30
33651,2020083001000771,NRN,37,55,10,405.0,4050.0,2020-08-30
33650,2020083001000772,NRN,37,8,10,405.0,4050.0,2020-08-30
33649,2020083001000773,NRN,37,49,10,405.0,4050.0,2020-08-30
33648,2020083001000774,NRN,37,18,10,405.0,4050.0,2020-08-30
33647,2020083001000775,NRN,37,50,10,405.0,4050.0,2020-08-30
33646,2020083001000776,NRN,37,42,1500,405.0,607500.0,2020-08-30
33645,2020083001000777,NRN,53,42,1000,405.0,405000.0,2020-08-30
33644,2020083001000778,NRN,14,42,500,405.0,202500.0,2020-08-30
33643,2020083001000779,NRN,42,42,100,405.0,40500.0,2020-08-30
33642,2020083001000780,NRN,58,42,10,405.0,4050.0,2020-08-30
33641,2020083001000781,NRN,33,42,1000,405.0,405000.0,2020-08-30
33640,2020083001000782,NRN,45,42,200,405.0,81000.0,2020-08-30
33639,2020083001000783,NRN,58,42,1000,405.0,405000.0,2020-08-30
33638,2020083001000784,NRN,54,42,150,405.0,60750.0,2020-08-30
33637,2020083001000785,NRN,45,42,100,405.0,40500.0,2020-08-30
33636,2020083001000786,NRN,33,42,1000,405.0,405000.0,2020-08-30
33635,2020083001000787,NRN,32,42,200,405.0,81000.0,2020-08-30
33634,2020083001000788,NRN,42,42,20,405.0,8100.0,2020-08-30
33633,2020083001000789,NRN,51,42,20,405.0,8100.0,2020-08-30
33632,2020083001000790,NRN,22,42,200,405.0,81000.0,2020-08-30
33631,2020083001000791,NRN,16,42,30,405.0,12150.0,2020-08-30
33630,2020083001000792,NRN,34,42,100,405.0,40500.0,2020-08-30
33629,2020083001000793,NRN,54,42,50,405.0,20250.0,2020-08-30
33628,2020083001000794,NRN,14,42,300,405.0,121500.0,2020-08-30
33627,2020083001000795,NRN,54,42,10,405.0,4050.0,2020-08-30
33626,2020083001000796,NRN,58,42,100,405.0,40500.0,2020-08-30
33625,2020083001000797,NRN,59,42,200,405.0,81000.0,2020-08-30
33624,2020083001000798,NRN,28,42,500,405.0,202500.0,2020-08-30
33623,2020083001000799,NRN,51,42,70,405.0,28350.0,2020-08-30
33622,2020083001000800,NRN,57,42,300,405.0,121500.0,2020-08-30
33621,2020083001000801,NRN,38,42,10000,405.0,4050000.0,2020-08-30
33620,2020083001000802,NRN,56,42,20,405.0,8100.0,2020-08-30
33619,2020083001000803,NRN,33,42,200,405.0,81000.0,2020-08-30
33618,2020083001000804,NRN,6,42,19,405.0,7695.0,2020-08-30
33617,2020083001000805,NRN,22,42,10,405.0,4050.0,2020-08-30
33616,2020083001000806,NRN,48,42,500,405.0,202500.0,2020-08-30
33615,2020083001000807,NRN,57,42,90,405.0,36450.0,2020-08-30
33614,2020083001000808,NRN,14,42,100,405.0,40500.0,2020-08-30
33613,2020083001000809,NRN,4,42,10,405.0,4050.0,2020-08-30
33612,2020083001000810,NRN,34,42,10,405.0,4050.0,2020-08-30
33611,2020083001000811,NRN,35,42,500,405.0,202500.0,2020-08-30
33610,2020083001000812,NRN,32,42,500,405.0,202500.0,2020-08-30
33609,2020083001000813,NRN,17,42,1000,405.0,405000.0,2020-08-30
33608,2020083001000814,NRN,4,42,1000,405.0,405000.0,2020-08-30
33607,2020083001000815,NRN,13,42,50,405.0,20250.0,2020-08-30
33606,2020083001000816,NRN,44,42,100,405.0,40500.0,2020-08-30
33605,2020083001000817,NRN,21,42,200,405.0,81000.0,2020-08-30
33604,2020083001000818,NRN,34,42,1000,405.0,405000.0,2020-08-30
33603,2020083001000819,NRN,58,42,20,405.0,8100.0,2020-08-30
33602,2020083001000820,NRN,47,42,200,405.0,81000.0,2020-08-30
33601,2020083001000821,NRN,59,42,1000,405.0,405000.0,2020-08-30
33600,2020083001000822,NRN,37,42,50,405.0,20250.0,2020-08-30
33599,2020083001000823,NRN,57,42,400,405.0,162000.0,2020-08-30
33598,2020083001000824,NRN,21,42,300,405.0,121500.0,2020-08-30
33597,2020083001000825,NRN,52,42,50,405.0,20250.0,2020-08-30
33596,2020083001000826,NRN,46,42,1000,405.0,405000.0,2020-08-30
33595,2020083001000827,NRN,7,42,200,405.0,81000.0,2020-08-30
33594,2020083001000828,NRN,38,42,1000,405.0,405000.0,2020-08-30
33593,2020083001000829,NRN,38,42,100,405.0,40500.0,2020-08-30
33592,2020083001000830,NRN,25,42,50,405.0,20250.0,2020-08-30
33591,2020083001000831,NRN,38,42,100,405.0,40500.0,2020-08-30
33590,2020083001000832,NRN,39,42,15,405.0,6075.0,2020-08-30
33589,2020083001000833,NRN,58,42,10,405.0,4050.0,2020-08-30
33588,2020083001000834,NRN,42,42,100,405.0,40500.0,2020-08-30
33587,2020083001000835,NRN,17,42,10,405.0,4050.0,2020-08-30
33586,2020083001000836,NRN,14,42,1000,405.0,405000.0,2020-08-30
33585,2020083001000837,NRN,22,42,100,405.0,40500.0,2020-08-30
33584,2020083001000838,NRN,5,42,10,405.0,4050.0,2020-08-30
33583,2020083001000839,NRN,46,42,300,405.0,121500.0,2020-08-30
33582,2020083001000840,NRN,21,42,16,405.0,6480.0,2020-08-30
33581,2020083001000841,NRN,21,34,10,405.0,4050.0,2020-08-30
33580,2020083001000842,NRN,21,25,10,405.0,4050.0,2020-08-30
33579,2020083001000843,NRN,21,49,10,405.0,4050.0,2020-08-30
33578,2020083001000844,NRN,21,26,10,405.0,4050.0,2020-08-30
33577,2020083001000845,NRN,21,59,10,405.0,4050.0,2020-08-30
33576,2020083001000846,NRN,21,47,10,405.0,4050.0,2020-08-30
33575,2020083001000847,AKPL,45,55,492,122.0,60024.0,2020-08-30
33574,2020083001000848,NRN,21,49,10,405.0,4050.0,2020-08-30
33573,2020083001000849,NRN,21,59,10,405.0,4050.0,2020-08-30
33572,2020083001000850,NRN,58,57,10,405.0,4050.0,2020-08-30
33571,2020083001000851,NRN,58,41,10,405.0,4050.0,2020-08-30
33570,2020083001000852,NRN,58,20,10,405.0,4050.0,2020-08-30
33569,2020083001000853,NRN,58,38,10,405.0,4050.0,2020-08-30
33568,2020083001000854,NRN,58,52,10,405.0,4050.0,2020-08-30
33567,2020083001000855,NRN,58,53,10,405.0,4050.0,2020-08-30
33566,2020083001000856,NRN,58,14,10,405.0,4050.0,2020-08-30
33565,2020083001000857,NRN,58,29,10,405.0,4050.0,2020-08-30
33564,2020083001000858,NRN,58,40,10,405.0,4050.0,2020-08-30
33563,2020083001000859,NRN,58,38,10,405.0,4050.0,2020-08-30
33562,2020083001000860,NRN,58,28,10,405.0,4050.0,2020-08-30
33561,2020083001000861,NRN,58,37,10,405.0,4050.0,2020-08-30
33560,2020083001000862,NRN,58,39,10,405.0,4050.0,2020-08-30
33559,2020083001000863,SHIVM,58,19,200,665.0,133000.0,2020-08-30
33558,2020083001000864,NRN,58,54,10,405.0,4050.0,2020-08-30
33557,2020083001000865,NRN,58,18,10,405.0,4050.0,2020-08-30
33556,2020083001000866,NRN,58,21,10,405.0,4050.0,2020-08-30
33555,2020083001000867,FMDBL,58,22,10,559.0,5590.0,2020-08-30
33554,2020083001000868,FMDBL,14,22,200,559.0,111800.0,2020-08-30
33553,2020083001000869,NRN,58,52,10,405.0,4050.0,2020-08-30
33552,2020083001000870,NRN,58,40,10,405.0,4050.0,2020-08-30
33551,2020083001000871,NRN,56,35,10,405.0,4050.0,2020-08-30
33550,2020083001000872,SPDL,37,45,200,114.0,22800.0,2020-08-30
33549,2020083001000873,NRN,3,16,10,405.0,4050.0,2020-08-30
33548,2020083001000874,NRN,3,47,10,405.0,4050.0,2020-08-30
33547,2020083001000875,PLIC,14,57,500,600.0,300000.0,2020-08-30
33546,2020083001000876,NRN,3,47,10,405.0,4050.0,2020-08-30
33545,2020083001000877,NRN,3,4,10,405.0,4050.0,2020-08-30
33544,2020083001000878,NRN,3,26,10,405.0,4050.0,2020-08-30
33543,2020083001000879,NRN,33,34,10,405.0,4050.0,2020-08-30
33542,2020083001000880,NRIC,59,35,500,706.0,353000.0,2020-08-30
33541,2020083001000881,NRIC,59,34,20,706.0,14120.0,2020-08-30
33540,2020083001000882,NRN,33,58,10,405.0,4050.0,2020-08-30
33539,2020083001000883,AKPL,34,29,500,122.0,61000.0,2020-08-30
33538,2020083001000884,AKPL,6,29,1000,122.0,122000.0,2020-08-30
33537,2020083001000885,AKPL,38,29,1378,122.0,168116.0,2020-08-30
33536,2020083001000886,NRN,33,49,10,405.0,4050.0,2020-08-30
33535,2020083001000887,NRN,33,49,10,405.0,4050.0,2020-08-30
33534,2020083001000888,NRN,33,22,10,405.0,4050.0,2020-08-30
33533,2020083001000889,NRN,33,29,10,405.0,4050.0,2020-08-30
33532,2020083001000890,NRN,33,46,10,405.0,4050.0,2020-08-30
33531,2020083001000891,FMDBL,17,58,70,560.0,39200.0,2020-08-30
33530,2020083001000892,NRN,33,48,10,405.0,4050.0,2020-08-30
33529,2020083001000893,NRN,33,18,10,405.0,4050.0,2020-08-30
33528,2020083001000894,NRN,33,38,10,405.0,4050.0,2020-08-30
33527,2020083001000895,AKPL,38,55,622,122.0,75884.0,2020-08-30
33526,2020083001000896,NRN,45,55,10,405.0,4050.0,2020-08-30
33525,2020083001000897,NRN,45,59,10,405.0,4050.0,2020-08-30
33524,2020083001000898,NRN,45,16,10,405.0,4050.0,2020-08-30
33523,2020083001000899,NRN,45,18,10,405.0,4050.0,2020-08-30
33522,2020083001000900,HPPL,5,42,10,142.0,1420.0,2020-08-30
33521,2020083001000901,NRN,45,26,10,405.0,4050.0,2020-08-30
33520,2020083001000902,NRN,45,32,10,405.0,4050.0,2020-08-30
33519,2020083001000903,NRN,45,29,10,405.0,4050.0,2020-08-30
33518,2020083001000904,NRN,45,34,10,405.0,4050.0,2020-08-30
33517,2020083001000905,NRN,45,21,10,405.0,4050.0,2020-08-30
33516,2020083001000906,NRN,45,14,10,405.0,4050.0,2020-08-30
33515,2020083001000907,NRN,45,38,10,405.0,4050.0,2020-08-30
33514,2020083001000908,NRN,45,13,10,405.0,4050.0,2020-08-30
33513,2020083001000909,NRN,45,26,10,405.0,4050.0,2020-08-30
33512,2020083001000910,NRIC,17,43,500,706.0,353000.0,2020-08-30
33511,2020083001000911,NRIC,48,43,35,705.0,24675.0,2020-08-30
33510,2020083001000912,NRIC,13,43,50,705.0,35250.0,2020-08-30
33509,2020083001000913,NRIC,22,43,10,705.0,7050.0,2020-08-30
33508,2020083001000914,NRIC,51,43,100,705.0,70500.0,2020-08-30
33507,2020083001000915,NRIC,17,43,80,705.0,56400.0,2020-08-30
33506,2020083001000916,NRIC,34,43,10,705.0,7050.0,2020-08-30
33505,2020083001000917,NRIC,6,43,60,705.0,42300.0,2020-08-30
33504,2020083001000918,NRIC,49,43,50,704.0,35200.0,2020-08-30
33503,2020083001000919,NRIC,38,43,50,703.0,35150.0,2020-08-30
33502,2020083001000920,NRIC,51,43,55,703.0,38665.0,2020-08-30
33501,2020083001000921,NRN,45,56,10,405.0,4050.0,2020-08-30
33500,2020083001000922,NRN,45,32,10,405.0,4050.0,2020-08-30
33499,2020083001000923,NRN,45,45,10,405.0,4050.0,2020-08-30
33498,2020083001000924,NRN,45,42,10,405.0,4050.0,2020-08-30
33497,2020083001000925,AKPL,48,55,378,122.0,46116.0,2020-08-30
33496,2020083001000926,AKPL,48,7,622,122.0,75884.0,2020-08-30
33495,2020083001000927,NRN,45,18,10,405.0,4050.0,2020-08-30
33494,2020083001000928,AKPL,56,59,100,121.0,12100.0,2020-08-30
33493,2020083001000929,AKPL,49,59,100,121.0,12100.0,2020-08-30
33492,2020083001000930,NRN,45,50,10,405.0,4050.0,2020-08-30
33491,2020083001000931,NRN,45,42,10,405.0,4050.0,2020-08-30
33490,2020083001000932,NRN,45,48,10,405.0,4050.0,2020-08-30
33489,2020083001000933,NRN,45,18,10,405.0,4050.0,2020-08-30
33488,2020083001000934,NRN,45,38,10,405.0,4050.0,2020-08-30
33487,2020083001000935,NRN,45,43,10,405.0,4050.0,2020-08-30
33486,2020083001000936,NRN,45,47,10,405.0,4050.0,2020-08-30
33485,2020083001000937,NRN,45,14,10,405.0,4050.0,2020-08-30
33484,2020083001000938,NRN,45,36,10,405.0,4050.0,2020-08-30
33483,2020083001000939,NRN,45,29,10,405.0,4050.0,2020-08-30
33482,2020083001000940,NRN,45,55,10,405.0,4050.0,2020-08-30
33481,2020083001000941,NRN,45,47,10,405.0,4050.0,2020-08-30
33480,2020083001000942,AKPL,56,59,100,121.0,12100.0,2020-08-30
33479,2020083001000943,WOMI,53,36,148,926.0,137048.0,2020-08-30
33478,2020083001000944,NRN,45,52,10,405.0,4050.0,2020-08-30
33477,2020083001000945,NRN,45,49,10,405.0,4050.0,2020-08-30
33476,2020083001000946,NRN,45,16,10,405.0,4050.0,2020-08-30
33475,2020083001000947,NRN,45,58,10,405.0,4050.0,2020-08-30
33474,2020083001000948,NRN,45,49,10,405.0,4050.0,2020-08-30
33473,2020083001000949,NRN,45,39,10,405.0,4050.0,2020-08-30
33472,2020083001000950,NRN,45,26,10,405.0,4050.0,2020-08-30
33471,2020083001000951,NRN,45,51,10,405.0,4050.0,2020-08-30
33470,2020083001000952,NRN,45,34,10,405.0,4050.0,2020-08-30
33469,2020083001000953,NRN,45,59,10,405.0,4050.0,2020-08-30
33468,2020083001000954,NRN,45,57,10,405.0,4050.0,2020-08-30
33467,2020083001000955,NRN,45,40,10,405.0,4050.0,2020-08-30
33466,2020083001000956,NRN,45,38,10,405.0,4050.0,2020-08-30
33465,2020083001000957,AKPL,49,59,20,121.0,2420.0,2020-08-30
33464,2020083001000958,NRN,45,14,10,405.0,4050.0,2020-08-30
33463,2020083001000959,NRN,45,14,10,405.0,4050.0,2020-08-30
33462,2020083001000960,NRN,45,45,10,405.0,4050.0,2020-08-30
33461,2020083001000961,FMDBL,33,26,100,559.0,55900.0,2020-08-30
33460,2020083001000962,NRN,45,57,10,405.0,4050.0,2020-08-30
33459,2020083001000963,NRN,45,4,10,405.0,4050.0,2020-08-30
33458,2020083001000964,NIL,36,37,50,755.0,37750.0,2020-08-30
33457,2020083001000965,NRN,45,57,10,405.0,4050.0,2020-08-30
33456,2020083001000966,NRN,45,25,10,405.0,4050.0,2020-08-30
33455,2020083001000967,AHPC,42,50,214,94.0,20116.0,2020-08-30
33454,2020083001000968,NRN,45,47,10,405.0,4050.0,2020-08-30
33453,2020083001000969,NRN,45,48,10,405.0,4050.0,2020-08-30
33452,2020083001000970,NRN,45,4,10,405.0,4050.0,2020-08-30
33451,2020083001000971,NRIC,32,58,40,707.0,28280.0,2020-08-30
33450,2020083001000972,NRIC,32,58,360,708.0,254880.0,2020-08-30
33449,2020083001000973,NRN,45,56,10,405.0,4050.0,2020-08-30
33448,2020083001000974,NRN,45,40,10,405.0,4050.0,2020-08-30
33447,2020083001000975,NRN,45,8,10,405.0,4050.0,2020-08-30
33446,2020083001000976,NRN,45,38,10,405.0,4050.0,2020-08-30
33445,2020083001000977,NIL,36,53,100,755.0,75500.0,2020-08-30
33444,2020083001000978,NRN,45,18,10,405.0,4050.0,2020-08-30
33443,2020083001000979,NRN,45,58,10,405.0,4050.0,2020-08-30
33442,2020083001000980,NRN,45,14,10,405.0,4050.0,2020-08-30
33441,2020083001000981,NRN,45,35,10,405.0,4050.0,2020-08-30
33440,2020083001000982,NRN,45,18,10,405.0,4050.0,2020-08-30
33439,2020083001000983,NRN,45,18,10,405.0,4050.0,2020-08-30
33438,2020083001000984,NRN,45,21,10,405.0,4050.0,2020-08-30
33437,2020083001000985,NRN,45,53,10,405.0,4050.0,2020-08-30
33436,2020083001000986,ADBL,17,57,10,425.0,4250.0,2020-08-30
33435,2020083001000987,AKPL,58,59,100,121.0,12100.0,2020-08-30
33434,2020083001000988,NRN,45,50,10,405.0,4050.0,2020-08-30
33433,2020083001000989,NRN,45,47,10,405.0,4050.0,2020-08-30
33432,2020083001000990,NRN,45,46,10,405.0,4050.0,2020-08-30
33431,2020083001000991,NRN,45,45,10,405.0,4050.0,2020-08-30
33430,2020083001000992,NRN,45,29,10,405.0,4050.0,2020-08-30
33429,2020083001000993,NRN,45,26,10,405.0,4050.0,2020-08-30
33428,2020083001000994,NABIL,32,34,30,845.0,25350.0,2020-08-30
33427,2020083001000995,NLBBL,38,32,10,736.0,7360.0,2020-08-30
33426,2020083001000996,NRN,45,13,10,405.0,4050.0,2020-08-30
33425,2020083001000997,NRN,45,5,10,405.0,4050.0,2020-08-30
33424,2020083001000998,NICL,14,4,133,513.0,68229.0,2020-08-30
33423,2020083001000999,NICL,50,4,317,513.0,162621.0,2020-08-30
33422,2020083001001000,NRN,45,56,10,405.0,4050.0,2020-08-30
33421,2020083001001001,NRN,45,43,10,405.0,4050.0,2020-08-30
33420,2020083001001002,NRN,45,59,10,405.0,4050.0,2020-08-30
33419,2020083001001003,NRN,45,59,10,405.0,4050.0,2020-08-30
33418,2020083001001004,NRN,45,32,10,405.0,4050.0,2020-08-30
33417,2020083001001005,NRN,45,45,10,405.0,4050.0,2020-08-30
33416,2020083001001006,NRN,45,52,10,405.0,4050.0,2020-08-30
33415,2020083001001007,NRN,45,38,10,405.0,4050.0,2020-08-30
33414,2020083001001008,NRN,45,17,10,405.0,4050.0,2020-08-30
33413,2020083001001009,KBL,58,4,30,193.0,5790.0,2020-08-30
33412,2020083001001010,KBL,36,4,25,192.0,4800.0,2020-08-30
33411,2020083001001011,KBL,14,4,100,192.0,19200.0,2020-08-30
33410,2020083001001012,NRN,45,34,10,405.0,4050.0,2020-08-30
33409,2020083001001013,NRN,45,35,10,405.0,4050.0,2020-08-30
33408,2020083001001014,NRN,45,17,10,405.0,4050.0,2020-08-30
33407,2020083001001015,NRN,45,29,10,405.0,4050.0,2020-08-30
33406,2020083001001016,NRN,45,49,10,405.0,4050.0,2020-08-30
33405,2020083001001017,NRN,45,47,10,405.0,4050.0,2020-08-30
33404,2020083001001018,NRN,45,5,10,405.0,4050.0,2020-08-30
33403,2020083001001019,NRN,45,18,10,405.0,4050.0,2020-08-30
33402,2020083001001020,NRN,45,50,10,405.0,4050.0,2020-08-30
33401,2020083001001021,NRN,45,5,10,405.0,4050.0,2020-08-30
33400,2020083001001022,NRN,45,34,10,405.0,4050.0,2020-08-30
33399,2020083001001023,NRN,45,57,10,405.0,4050.0,2020-08-30
33398,2020083001001024,FMDBL,33,53,100,559.0,55900.0,2020-08-30
33397,2020083001001025,NLIC,46,57,100,1380.0,138000.0,2020-08-30
33396,2020083001001026,NRN,45,4,10,405.0,4050.0,2020-08-30
33395,2020083001001027,NRN,45,36,10,405.0,4050.0,2020-08-30
33394,2020083001001028,NRN,45,51,10,405.0,4050.0,2020-08-30
33393,2020083001001029,NRN,45,38,10,405.0,4050.0,2020-08-30
33392,2020083001001030,SIL,41,59,200,697.0,139400.0,2020-08-30
33391,2020083001001031,NRN,45,37,10,405.0,4050.0,2020-08-30
33390,2020083001001032,NRN,45,33,10,405.0,4050.0,2020-08-30
33389,2020083001001033,NRN,45,46,10,405.0,4050.0,2020-08-30
33388,2020083001001034,NRN,45,4,10,405.0,4050.0,2020-08-30
33387,2020083001001035,NRN,45,26,10,405.0,4050.0,2020-08-30
33386,2020083001001036,FMDBL,58,33,10,559.0,5590.0,2020-08-30
33385,2020083001001037,NRN,45,57,10,405.0,4050.0,2020-08-30
33384,2020083001001038,NRN,45,20,10,405.0,4050.0,2020-08-30
33383,2020083001001039,AKPL,55,59,1070,121.0,129470.0,2020-08-30
33382,2020083001001040,AKPL,52,7,100,122.0,12200.0,2020-08-30
33381,2020083001001041,NRN,45,48,10,405.0,4050.0,2020-08-30
33380,2020083001001042,NRN,45,14,10,405.0,4050.0,2020-08-30
33379,2020083001001043,NRN,45,38,10,405.0,4050.0,2020-08-30
33378,2020083001001044,NRN,45,48,10,405.0,4050.0,2020-08-30
33377,2020083001001045,NRN,45,4,10,405.0,4050.0,2020-08-30
33376,2020083001001046,NRN,45,47,10,405.0,4050.0,2020-08-30
33375,2020083001001047,NRN,45,32,10,405.0,4050.0,2020-08-30
33374,2020083001001048,NRN,45,39,10,405.0,4050.0,2020-08-30
33373,2020083001001049,NLIC,57,28,20,1380.0,27600.0,2020-08-30
33372,2020083001001050,NRN,45,7,10,405.0,4050.0,2020-08-30
33371,2020083001001051,NRN,45,29,10,405.0,4050.0,2020-08-30
33370,2020083001001052,NICL,42,4,500,512.0,256000.0,2020-08-30
33369,2020083001001053,AKPL,58,7,1278,122.0,155916.0,2020-08-30
33368,2020083001001054,AKPL,58,59,1000,123.0,123000.0,2020-08-30
33367,2020083001001055,AKPL,58,19,222,123.0,27306.0,2020-08-30
33366,2020083001001056,NRN,45,56,10,405.0,4050.0,2020-08-30
33365,2020083001001057,MSMBS,46,17,50,670.0,33500.0,2020-08-30
33364,2020083001001058,NRN,45,59,10,405.0,4050.0,2020-08-30
33363,2020083001001059,NRN,45,20,10,405.0,4050.0,2020-08-30
33362,2020083001001060,NRN,45,34,10,405.0,4050.0,2020-08-30
33361,2020083001001061,NRN,45,40,10,405.0,4050.0,2020-08-30
33360,2020083001001062,NRIC,37,57,40,707.0,28280.0,2020-08-30
33359,2020083001001063,NRN,45,20,10,405.0,4050.0,2020-08-30
33358,2020083001001064,NRN,45,3,10,405.0,4050.0,2020-08-30
33357,2020083001001065,NRN,45,48,10,405.0,4050.0,2020-08-30
33356,2020083001001066,NRIC,49,57,50,707.0,35350.0,2020-08-30
33355,2020083001001067,NRN,45,38,10,405.0,4050.0,2020-08-30
33354,2020083001001068,NRN,45,50,10,405.0,4050.0,2020-08-30
33353,2020083001001069,ALICL,39,16,200,695.0,139000.0,2020-08-30
33352,2020083001001070,NRN,45,11,10,405.0,4050.0,2020-08-30
33351,2020083001001071,NRN,45,29,10,405.0,4050.0,2020-08-30
33350,2020083001001072,NRN,45,38,10,405.0,4050.0,2020-08-30
33349,2020083001001073,NRN,45,40,10,405.0,4050.0,2020-08-30
33348,2020083001001074,NRN,45,50,10,405.0,4050.0,2020-08-30
33347,2020083001001075,NRN,45,16,10,405.0,4050.0,2020-08-30
33346,2020083001001076,NRN,45,49,10,405.0,4050.0,2020-08-30
33345,2020083001001077,SHIVM,10,43,50,667.0,33350.0,2020-08-30
33344,2020083001001078,NRN,45,55,10,405.0,4050.0,2020-08-30
33343,2020083001001079,NRN,45,42,10,405.0,4050.0,2020-08-30
33342,2020083001001080,NRN,45,37,10,405.0,4050.0,2020-08-30
33341,2020083001001081,SFCL,20,45,100,113.0,11300.0,2020-08-30
33340,2020083001001082,NRN,45,26,10,405.0,4050.0,2020-08-30
33339,2020083001001083,AIL,22,26,10,509.0,5090.0,2020-08-30
33338,2020083001001084,NRN,45,18,10,405.0,4050.0,2020-08-30
33337,2020083001001085,NRN,45,52,10,405.0,4050.0,2020-08-30
33336,2020083001001086,NRN,45,48,10,405.0,4050.0,2020-08-30
33335,2020083001001087,NRN,45,34,10,405.0,4050.0,2020-08-30
33334,2020083001001088,NRN,45,8,10,405.0,4050.0,2020-08-30
33333,2020083001001089,NRN,45,14,10,405.0,4050.0,2020-08-30
33332,2020083001001090,MBL,58,11,20,234.0,4680.0,2020-08-30
33331,2020083001001091,NRN,45,4,10,405.0,4050.0,2020-08-30
33330,2020083001001092,NRN,45,13,10,405.0,4050.0,2020-08-30
33329,2020083001001093,NRN,45,33,10,405.0,4050.0,2020-08-30
33328,2020083001001094,NRN,45,59,10,405.0,4050.0,2020-08-30
33327,2020083001001095,NRN,45,47,10,405.0,4050.0,2020-08-30
33326,2020083001001096,NRN,45,38,10,405.0,4050.0,2020-08-30
33325,2020083001001097,NRN,45,29,10,405.0,4050.0,2020-08-30
33324,2020083001001098,NRN,45,57,10,405.0,4050.0,2020-08-30
33323,2020083001001099,NRN,45,11,10,405.0,4050.0,2020-08-30
33322,2020083001001100,NRN,45,38,10,405.0,4050.0,2020-08-30
33321,2020083001001101,NRN,45,7,10,405.0,4050.0,2020-08-30
33320,2020083001001102,NRN,45,6,10,405.0,4050.0,2020-08-30
33319,2020083001001103,NRN,45,7,10,405.0,4050.0,2020-08-30
33318,2020083001001104,AIL,22,33,10,509.0,5090.0,2020-08-30
33317,2020083001001105,NRN,45,33,10,405.0,4050.0,2020-08-30
33316,2020083001001106,NRN,45,34,10,405.0,4050.0,2020-08-30
33315,2020083001001107,NRN,45,47,10,405.0,4050.0,2020-08-30
33314,2020083001001108,NRN,45,47,10,405.0,4050.0,2020-08-30
33313,2020083001001109,NRIC,11,57,40,707.0,28280.0,2020-08-30
33312,2020083001001110,NRN,45,4,10,405.0,4050.0,2020-08-30
33311,2020083001001111,NICL,25,4,10,513.0,5130.0,2020-08-30
33310,2020083001001112,NRN,45,7,10,405.0,4050.0,2020-08-30
33309,2020083001001113,NRN,45,59,10,405.0,4050.0,2020-08-30
33308,2020083001001114,NRN,45,21,10,405.0,4050.0,2020-08-30
33307,2020083001001115,NRN,45,18,10,405.0,4050.0,2020-08-30
33306,2020083001001116,NRN,45,50,10,405.0,4050.0,2020-08-30
33305,2020083001001117,NRN,45,53,10,405.0,4050.0,2020-08-30
33304,2020083001001118,NLICL,25,49,30,718.0,21540.0,2020-08-30
33303,2020083001001119,NRIC,36,57,110,707.0,77770.0,2020-08-30
33302,2020083001001120,NRIC,36,26,40,707.0,28280.0,2020-08-30
33301,2020083001001121,NRN,45,59,10,405.0,4050.0,2020-08-30
33300,2020083001001122,NRIC,36,49,30,707.0,21210.0,2020-08-30
33299,2020083001001123,PCBL,36,58,100,284.0,28400.0,2020-08-30
33298,2020083001001124,NRN,45,45,10,405.0,4050.0,2020-08-30
33297,2020083001001125,NRN,45,57,10,405.0,4050.0,2020-08-30
33296,2020083001001126,NRN,45,35,10,405.0,4050.0,2020-08-30
33295,2020083001001127,NRN,45,47,10,405.0,4050.0,2020-08-30
33294,2020083001001128,NRN,45,22,10,405.0,4050.0,2020-08-30
33293,2020083001001129,NRN,45,34,10,405.0,4050.0,2020-08-30
33292,2020083001001130,NRN,45,51,10,405.0,4050.0,2020-08-30
33291,2020083001001131,NRN,45,25,10,405.0,4050.0,2020-08-30
33290,2020083001001132,NICL,33,4,40,513.0,20520.0,2020-08-30
33289,2020083001001133,NRN,45,41,10,405.0,4050.0,2020-08-30
33288,2020083001001134,NRN,45,48,10,405.0,4050.0,2020-08-30
33287,2020083001001135,NRN,45,56,10,405.0,4050.0,2020-08-30
33286,2020083001001136,NRIC,36,56,40,707.0,28280.0,2020-08-30
33285,2020083001001137,NHPC,56,55,1000,54.0,54000.0,2020-08-30
33284,2020083001001138,AIL,22,48,10,509.0,5090.0,2020-08-30
33283,2020083001001139,NRN,45,48,10,405.0,4050.0,2020-08-30
33282,2020083001001140,NRN,45,46,10,405.0,4050.0,2020-08-30
33281,2020083001001141,NRN,45,40,10,405.0,4050.0,2020-08-30
33280,2020083001001142,NRN,45,29,10,405.0,4050.0,2020-08-30
33279,2020083001001143,NRN,45,8,10,405.0,4050.0,2020-08-30
33278,2020083001001144,NRN,45,49,10,405.0,4050.0,2020-08-30
33277,2020083001001145,PLIC,59,13,44,598.0,26312.0,2020-08-30
33276,2020083001001146,FOWAD,58,33,10,1578.0,15780.0,2020-08-30
33275,2020083001001147,NRN,45,4,10,405.0,4050.0,2020-08-30
33274,2020083001001148,NRN,45,4,10,405.0,4050.0,2020-08-30
33273,2020083001001149,NRN,45,58,10,405.0,4050.0,2020-08-30
33272,2020083001001150,SHIVM,10,53,100,667.0,66700.0,2020-08-30
33271,2020083001001151,NRN,45,38,10,405.0,4050.0,2020-08-30
33270,2020083001001152,HPPL,5,52,10,142.0,1420.0,2020-08-30
33269,2020083001001153,NRN,45,38,10,405.0,4050.0,2020-08-30
33268,2020083001001154,AKPL,13,55,80,122.0,9760.0,2020-08-30
33267,2020083001001155,NRN,45,58,10,405.0,4050.0,2020-08-30
33266,2020083001001156,NIL,26,19,500,760.0,380000.0,2020-08-30
33265,2020083001001157,NRN,45,18,10,405.0,4050.0,2020-08-30
33264,2020083001001158,RHPL,29,42,20,145.0,2900.0,2020-08-30
33263,2020083001001159,NRN,45,39,10,405.0,4050.0,2020-08-30
33262,2020083001001160,NRN,45,34,10,405.0,4050.0,2020-08-30
33261,2020083001001161,NRN,45,11,10,405.0,4050.0,2020-08-30
33260,2020083001001162,NRN,45,43,10,405.0,4050.0,2020-08-30
33259,2020083001001163,NRN,45,39,10,405.0,4050.0,2020-08-30
33258,2020083001001164,NIL,56,38,50,760.0,38000.0,2020-08-30
33257,2020083001001165,NIL,56,49,21,760.0,15960.0,2020-08-30
33256,2020083001001166,NIL,56,13,20,760.0,15200.0,2020-08-30
33255,2020083001001167,NRN,45,47,10,405.0,4050.0,2020-08-30
33254,2020083001001168,NRN,45,51,10,405.0,4050.0,2020-08-30
33253,2020083001001169,NRN,45,52,10,405.0,4050.0,2020-08-30
33252,2020083001001170,NRN,45,14,10,405.0,4050.0,2020-08-30
33251,2020083001001171,NRIC,22,58,40,708.0,28320.0,2020-08-30
33250,2020083001001172,NRN,47,59,10,405.0,4050.0,2020-08-30
33249,2020083001001173,NRN,47,29,10,405.0,4050.0,2020-08-30
33248,2020083001001174,NRN,47,59,10,405.0,4050.0,2020-08-30
33247,2020083001001175,NRN,47,35,10,405.0,4050.0,2020-08-30
33246,2020083001001176,NRN,47,51,10,405.0,4050.0,2020-08-30
33245,2020083001001177,NRN,47,41,10,405.0,4050.0,2020-08-30
33244,2020083001001178,NRN,47,53,10,405.0,4050.0,2020-08-30
33243,2020083001001179,NRN,47,59,10,405.0,4050.0,2020-08-30
33242,2020083001001180,NRN,47,29,10,405.0,4050.0,2020-08-30
33241,2020083001001181,NRN,47,13,10,405.0,4050.0,2020-08-30
33240,2020083001001182,NRN,47,16,10,405.0,4050.0,2020-08-30
33239,2020083001001183,NRN,47,39,10,405.0,4050.0,2020-08-30
33238,2020083001001184,NRN,47,33,10,405.0,4050.0,2020-08-30
33237,2020083001001185,NRN,47,34,10,405.0,4050.0,2020-08-30
33236,2020083001001186,NRN,47,36,10,405.0,4050.0,2020-08-30
33235,2020083001001187,NRN,47,13,10,405.0,4050.0,2020-08-30
33234,2020083001001188,PLIC,59,5,112,598.0,66976.0,2020-08-30
33233,2020083001001189,NRN,47,38,10,405.0,4050.0,2020-08-30
33232,2020083001001190,NRN,47,41,10,405.0,4050.0,2020-08-30
33231,2020083001001191,NRN,47,29,10,405.0,4050.0,2020-08-30
33230,2020083001001192,NRN,47,8,10,405.0,4050.0,2020-08-30
33229,2020083001001193,NRN,47,57,10,405.0,4050.0,2020-08-30
33228,2020083001001194,NRN,47,21,10,405.0,4050.0,2020-08-30
33227,2020083001001195,NRN,47,36,10,405.0,4050.0,2020-08-30
33226,2020083001001196,NRN,47,37,10,405.0,4050.0,2020-08-30
33225,2020083001001197,NRIC,36,14,50,707.0,35350.0,2020-08-30
33224,2020083001001198,NRN,47,20,10,405.0,4050.0,2020-08-30
33223,2020083001001199,NRN,47,47,10,405.0,4050.0,2020-08-30
33222,2020083001001200,SIC,42,33,80,864.0,69120.0,2020-08-30
33221,2020083001001201,NRN,47,41,10,405.0,4050.0,2020-08-30
33220,2020083001001202,SHIVM,19,11,50,670.0,33500.0,2020-08-30
33219,2020083001001203,SHIVM,19,37,120,670.0,80400.0,2020-08-30
33218,2020083001001204,RHPL,29,52,10,145.0,1450.0,2020-08-30
33217,2020083001001205,NRN,47,59,10,405.0,4050.0,2020-08-30
33216,2020083001001206,NRN,47,36,10,405.0,4050.0,2020-08-30
33215,2020083001001207,NRN,47,4,10,405.0,4050.0,2020-08-30
33214,2020083001001208,NRN,47,38,10,405.0,4050.0,2020-08-30
33213,2020083001001209,NRN,47,45,10,405.0,4050.0,2020-08-30
33212,2020083001001210,NRN,47,16,10,405.0,4050.0,2020-08-30
33211,2020083001001211,NRN,47,52,10,405.0,4050.0,2020-08-30
33210,2020083001001212,AKPL,58,55,920,122.0,112240.0,2020-08-30
33209,2020083001001213,AKPL,58,16,1000,123.0,123000.0,2020-08-30
33208,2020083001001214,AKPL,58,19,278,123.0,34194.0,2020-08-30
33207,2020083001001215,AKPL,58,48,1000,123.0,123000.0,2020-08-30
33206,2020083001001216,AKPL,58,21,1000,123.0,123000.0,2020-08-30
33205,2020083001001217,AKPL,58,45,3800,123.0,467400.0,2020-08-30
33204,2020083001001218,AKPL,58,59,500,123.0,61500.0,2020-08-30
33203,2020083001001219,AKPL,58,45,1000,124.0,124000.0,2020-08-30
33202,2020083001001220,AKPL,58,52,108,124.0,13392.0,2020-08-30
33201,2020083001001221,NRN,47,49,10,405.0,4050.0,2020-08-30
33200,2020083001001222,ADBL,14,25,50,427.0,21350.0,2020-08-30
33199,2020083001001223,ADBL,14,37,250,428.0,107000.0,2020-08-30
33198,2020083001001224,ADBL,14,34,960,429.0,411840.0,2020-08-30
33197,2020083001001225,NRN,47,47,10,405.0,4050.0,2020-08-30
33196,2020083001001226,NRN,47,38,10,405.0,4050.0,2020-08-30
33195,2020083001001227,NRN,47,33,10,405.0,4050.0,2020-08-30
33194,2020083001001228,NRN,47,34,10,405.0,4050.0,2020-08-30
33193,2020083001001229,NRN,47,34,10,405.0,4050.0,2020-08-30
33192,2020083001001230,NRN,47,26,10,405.0,4050.0,2020-08-30
33191,2020083001001231,ACLBSL,41,17,10,700.0,7000.0,2020-08-30
33190,2020083001001232,NRN,47,11,10,405.0,4050.0,2020-08-30
33189,2020083001001233,NRN,47,14,10,405.0,4050.0,2020-08-30
33188,2020083001001234,NRN,47,56,10,405.0,4050.0,2020-08-30
33187,2020083001001235,NRN,47,58,10,405.0,4050.0,2020-08-30
33186,2020083001001236,NRN,47,55,10,405.0,4050.0,2020-08-30
33185,2020083001001237,SFCL,20,19,50,113.0,5650.0,2020-08-30
33184,2020083001001238,SFCL,59,19,100,113.0,11300.0,2020-08-30
33183,2020083001001239,NRN,47,39,10,405.0,4050.0,2020-08-30
33182,2020083001001240,CORBL,53,8,30,124.0,3720.0,2020-08-30
33181,2020083001001241,NRN,47,35,10,405.0,4050.0,2020-08-30
33180,2020083001001242,NRN,47,58,10,405.0,4050.0,2020-08-30
33179,2020083001001243,USLB,52,57,10,646.0,6460.0,2020-08-30
33178,2020083001001244,NRN,47,5,10,405.0,4050.0,2020-08-30
33177,2020083001001245,NRN,19,18,10,405.0,4050.0,2020-08-30
33176,2020083001001246,NRN,19,29,10,405.0,4050.0,2020-08-30
33175,2020083001001247,NRN,19,19,10,405.0,4050.0,2020-08-30
33174,2020083001001248,NRN,19,4,10,405.0,4050.0,2020-08-30
33173,2020083001001249,NRN,19,56,10,405.0,4050.0,2020-08-30
33172,2020083001001250,NRN,19,48,10,405.0,4050.0,2020-08-30
33171,2020083001001251,NRN,19,13,10,405.0,4050.0,2020-08-30
33170,2020083001001252,SPDL,42,45,20,114.0,2280.0,2020-08-30
33169,2020083001001253,NRN,19,6,10,405.0,4050.0,2020-08-30
33168,2020083001001254,NRN,19,34,10,405.0,4050.0,2020-08-30
33167,2020083001001255,NRN,19,59,10,405.0,4050.0,2020-08-30
33166,2020083001001256,NRN,41,43,10,405.0,4050.0,2020-08-30
33165,2020083001001257,NRN,41,46,10,405.0,4050.0,2020-08-30
33164,2020083001001258,NRN,41,59,10,405.0,4050.0,2020-08-30
33163,2020083001001259,NRN,41,3,10,405.0,4050.0,2020-08-30
33162,2020083001001260,API,57,44,10,111.0,1110.0,2020-08-30
33161,2020083001001261,NRN,41,18,10,405.0,4050.0,2020-08-30
33160,2020083001001262,SIL,41,51,104,697.0,72488.0,2020-08-30
33159,2020083001001263,NIL,45,55,180,763.0,137340.0,2020-08-30
33158,2020083001001264,NRN,41,41,10,405.0,4050.0,2020-08-30
33157,2020083001001265,NRN,41,21,10,405.0,4050.0,2020-08-30
33156,2020083001001266,NRN,41,41,10,405.0,4050.0,2020-08-30
33155,2020083001001267,NRN,41,29,10,405.0,4050.0,2020-08-30
33154,2020083001001268,NRN,41,14,10,405.0,4050.0,2020-08-30
33153,2020083001001269,NRN,41,51,10,405.0,4050.0,2020-08-30
33152,2020083001001270,NRN,41,41,10,405.0,4050.0,2020-08-30
33151,2020083001001271,SDLBSL,48,26,10,822.0,8220.0,2020-08-30
33150,2020083001001272,AKPL,47,45,50,123.0,6150.0,2020-08-30
33149,2020083001001273,AKPL,58,45,100,122.0,12200.0,2020-08-30
33148,2020083001001274,NRN,50,6,10,405.0,4050.0,2020-08-30
33147,2020083001001275,NRN,50,48,10,405.0,4050.0,2020-08-30
33146,2020083001001276,NRN,50,47,10,405.0,4050.0,2020-08-30
33145,2020083001001277,SBL,5,25,100,303.0,30300.0,2020-08-30
33144,2020083001001278,SBL,34,25,100,303.0,30300.0,2020-08-30
33143,2020083001001279,LICN,22,16,100,1452.0,145200.0,2020-08-30
33142,2020083001001280,LICN,54,16,150,1451.0,217650.0,2020-08-30
33141,2020083001001281,NRIC,36,26,50,707.0,35350.0,2020-08-30
33140,2020083001001282,NRN,50,55,10,405.0,4050.0,2020-08-30
33139,2020083001001283,NRN,50,4,10,405.0,4050.0,2020-08-30
33138,2020083001001284,NRN,50,57,10,405.0,4050.0,2020-08-30
33137,2020083001001285,NRN,50,10,10,405.0,4050.0,2020-08-30
33136,2020083001001286,SJCL,41,42,10,135.0,1350.0,2020-08-30
33135,2020083001001287,NRN,50,48,10,405.0,4050.0,2020-08-30
33134,2020083001001288,NRN,50,48,10,405.0,4050.0,2020-08-30
33133,2020083001001289,NRN,50,41,10,405.0,4050.0,2020-08-30
33132,2020083001001290,NRN,57,57,10,405.0,4050.0,2020-08-30
33131,2020083001001291,NRN,57,22,10,405.0,4050.0,2020-08-30
33130,2020083001001292,NRN,57,58,10,405.0,4050.0,2020-08-30
33129,2020083001001293,NRN,57,51,10,405.0,4050.0,2020-08-30
33128,2020083001001294,NRN,57,20,10,405.0,4050.0,2020-08-30
33127,2020083001001295,NRN,57,44,10,405.0,4050.0,2020-08-30
33126,2020083001001296,NRN,57,6,10,405.0,4050.0,2020-08-30
33125,2020083001001297,NRN,57,42,930,405.0,376650.0,2020-08-30
33124,2020083001001298,NRN,41,42,70,405.0,28350.0,2020-08-30
33123,2020083001001299,NRN,41,18,10,405.0,4050.0,2020-08-30
33122,2020083001001300,NRN,41,38,10,405.0,4050.0,2020-08-30
33121,2020083001001301,NRN,41,58,10,405.0,4050.0,2020-08-30
33120,2020083001001302,NRN,41,52,10,405.0,4050.0,2020-08-30
33119,2020083001001303,NRN,41,17,10,405.0,4050.0,2020-08-30
33118,2020083001001304,NRN,41,22,10,405.0,4050.0,2020-08-30
33117,2020083001001305,NRN,41,39,10,405.0,4050.0,2020-08-30
33116,2020083001001306,NRN,41,38,10,405.0,4050.0,2020-08-30
33115,2020083001001307,NRN,22,29,10,405.0,4050.0,2020-08-30
33114,2020083001001308,NRN,22,8,10,405.0,4050.0,2020-08-30
33113,2020083001001309,NRN,8,6,10,405.0,4050.0,2020-08-30
33112,2020083001001310,AKPL,26,45,850,122.0,103700.0,2020-08-30
33111,2020083001001311,NRN,8,6,10,405.0,4050.0,2020-08-30
33110,2020083001001312,NRN,8,38,10,405.0,4050.0,2020-08-30
33109,2020083001001313,NRN,8,11,10,405.0,4050.0,2020-08-30
33108,2020083001001314,NRN,32,50,10,405.0,4050.0,2020-08-30
33107,2020083001001315,NRN,32,45,10,405.0,4050.0,2020-08-30
33106,2020083001001316,SIL,41,59,200,697.0,139400.0,2020-08-30
33105,2020083001001317,NRN,32,34,10,405.0,4050.0,2020-08-30
33104,2020083001001318,NRN,32,45,10,405.0,4050.0,2020-08-30
33103,2020083001001319,NFS,46,57,100,179.0,17900.0,2020-08-30
33102,2020083001001320,NRN,32,58,10,405.0,4050.0,2020-08-30
33101,2020083001001321,NRN,32,13,10,405.0,4050.0,2020-08-30
33100,2020083001001322,SHIVM,10,5,10,667.0,6670.0,2020-08-30
33099,2020083001001323,NRN,32,35,10,405.0,4050.0,2020-08-30
33098,2020083001001324,GBIME,51,56,100,256.0,25600.0,2020-08-30
33097,2020083001001325,NRN,32,29,10,405.0,4050.0,2020-08-30
33096,2020083001001326,NRN,32,4,10,405.0,4050.0,2020-08-30
33095,2020083001001327,NRN,32,6,110,405.0,44550.0,2020-08-30
33094,2020083001001328,NRN,48,6,300,405.0,121500.0,2020-08-30
33093,2020083001001329,NRN,42,6,12,405.0,4860.0,2020-08-30
33092,2020083001001330,NRN,10,6,225,405.0,91125.0,2020-08-30
33091,2020083001001331,NRN,57,6,150,405.0,60750.0,2020-08-30
33090,2020083001001332,NRN,26,6,100,405.0,40500.0,2020-08-30
33089,2020083001001333,NRN,32,6,500,405.0,202500.0,2020-08-30
33088,2020083001001334,NRN,39,6,50,405.0,20250.0,2020-08-30
33087,2020083001001335,NRN,42,6,10,405.0,4050.0,2020-08-30
33086,2020083001001336,NRN,54,6,200,405.0,81000.0,2020-08-30
33085,2020083001001337,NRN,28,6,1000,405.0,405000.0,2020-08-30
33084,2020083001001338,NRN,48,6,20,405.0,8100.0,2020-08-30
33083,2020083001001339,NRN,33,6,500,405.0,202500.0,2020-08-30
33082,2020083001001340,NRN,38,6,200,405.0,81000.0,2020-08-30
33081,2020083001001341,NRN,35,6,10,405.0,4050.0,2020-08-30
33080,2020083001001342,NRN,34,6,50,405.0,20250.0,2020-08-30
33079,2020083001001343,NRN,36,6,20,405.0,8100.0,2020-08-30
33078,2020083001001344,NRN,34,6,100,405.0,40500.0,2020-08-30
33077,2020083001001345,NRN,42,6,10,405.0,4050.0,2020-08-30
33076,2020083001001346,NRN,34,6,10,405.0,4050.0,2020-08-30
33075,2020083001001347,NRN,54,6,90,405.0,36450.0,2020-08-30
33074,2020083001001348,NRN,51,6,100,405.0,40500.0,2020-08-30
33073,2020083001001349,NRN,57,6,10,405.0,4050.0,2020-08-30
33072,2020083001001350,NRN,34,6,30,405.0,12150.0,2020-08-30
33071,2020083001001351,NRN,51,6,20,405.0,8100.0,2020-08-30
33070,2020083001001352,NRN,7,6,10,405.0,4050.0,2020-08-30
33069,2020083001001353,NRN,38,6,10,405.0,4050.0,2020-08-30
33068,2020083001001354,NRN,58,6,30,405.0,12150.0,2020-08-30
33067,2020083001001355,NRN,42,6,200,405.0,81000.0,2020-08-30
33066,2020083001001356,NRN,42,6,50,405.0,20250.0,2020-08-30
33065,2020083001001357,NRN,5,6,20,405.0,8100.0,2020-08-30
33064,2020083001001358,NRN,34,6,200,405.0,81000.0,2020-08-30
33063,2020083001001359,NRN,58,6,20,405.0,8100.0,2020-08-30
33062,2020083001001360,NRN,51,6,50,405.0,20250.0,2020-08-30
33061,2020083001001361,NRN,41,6,10,405.0,4050.0,2020-08-30
33060,2020083001001362,NRN,41,6,150,405.0,60750.0,2020-08-30
33059,2020083001001363,NRN,36,6,1000,405.0,405000.0,2020-08-30
33058,2020083001001364,NRN,45,6,100,405.0,40500.0,2020-08-30
33057,2020083001001365,NRN,35,6,10,405.0,4050.0,2020-08-30
33056,2020083001001366,NRN,17,6,50,405.0,20250.0,2020-08-30
33055,2020083001001367,NRN,14,6,300,405.0,121500.0,2020-08-30
33054,2020083001001368,NRN,59,6,50,405.0,20250.0,2020-08-30
33053,2020083001001369,NRN,35,6,1000,405.0,405000.0,2020-08-30
33052,2020083001001370,NRN,19,6,40,405.0,16200.0,2020-08-30
33051,2020083001001371,NRN,34,6,1000,405.0,405000.0,2020-08-30
33050,2020083001001372,NRN,6,6,50,405.0,20250.0,2020-08-30
33049,2020083001001373,NRN,52,6,300,405.0,121500.0,2020-08-30
33048,2020083001001374,NRN,54,6,200,405.0,81000.0,2020-08-30
33047,2020083001001375,NRN,50,6,100,405.0,40500.0,2020-08-30
33046,2020083001001376,NRN,48,6,400,405.0,162000.0,2020-08-30
33045,2020083001001377,NRN,34,6,10,405.0,4050.0,2020-08-30
33044,2020083001001378,NRN,34,6,20,405.0,8100.0,2020-08-30
33043,2020083001001379,NRN,22,6,793,405.0,321165.0,2020-08-30
33042,2020083001001380,NRN,22,58,10,405.0,4050.0,2020-08-30
33041,2020083001001381,NRN,22,43,10,405.0,4050.0,2020-08-30
33040,2020083001001382,NRN,22,39,10,405.0,4050.0,2020-08-30
33039,2020083001001383,SJCL,41,16,10,135.0,1350.0,2020-08-30
33038,2020083001001384,NRN,22,59,10,405.0,4050.0,2020-08-30
33037,2020083001001385,SDLBSL,48,26,10,822.0,8220.0,2020-08-30
33036,2020083001001386,NRN,22,50,10,405.0,4050.0,2020-08-30
33035,2020083001001387,NRN,22,40,10,405.0,4050.0,2020-08-30
33034,2020083001001388,NRN,22,38,10,405.0,4050.0,2020-08-30
33033,2020083001001389,NRN,22,47,10,405.0,4050.0,2020-08-30
33032,2020083001001390,NRN,22,57,10,405.0,4050.0,2020-08-30
33031,2020083001001391,NRN,22,56,10,405.0,4050.0,2020-08-30
33030,2020083001001392,NRN,22,6,10,405.0,4050.0,2020-08-30
33029,2020083001001393,NRN,22,14,10,405.0,4050.0,2020-08-30
33028,2020083001001394,NRN,22,21,10,405.0,4050.0,2020-08-30
33027,2020083001001395,ALICL,32,5,100,690.0,69000.0,2020-08-30
33026,2020083001001396,NRN,22,56,10,405.0,4050.0,2020-08-30
33025,2020083001001397,NRN,22,18,10,405.0,4050.0,2020-08-30
33024,2020083001001398,NRN,22,48,10,405.0,4050.0,2020-08-30
33023,2020083001001399,NRN,22,4,10,405.0,4050.0,2020-08-30
33022,2020083001001400,NRN,22,34,10,405.0,4050.0,2020-08-30
33021,2020083001001401,NRN,22,39,10,405.0,4050.0,2020-08-30
33020,2020083001001402,NRIC,22,33,10,708.0,7080.0,2020-08-30
33019,2020083001001403,NRN,22,45,10,405.0,4050.0,2020-08-30
33018,2020083001001404,NRN,7,47,10,405.0,4050.0,2020-08-30
33017,2020083001001405,NRN,7,41,10,405.0,4050.0,2020-08-30
33016,2020083001001406,NRN,7,39,10,405.0,4050.0,2020-08-30
33015,2020083001001407,NRN,7,21,10,405.0,4050.0,2020-08-30
33014,2020083001001408,NRN,7,29,10,405.0,4050.0,2020-08-30
33013,2020083001001409,NRN,28,4,10,405.0,4050.0,2020-08-30
33012,2020083001001410,NRN,28,32,10,405.0,4050.0,2020-08-30
33011,2020083001001411,NABIL,42,34,30,841.0,25230.0,2020-08-30
33010,2020083001001412,NRN,28,45,10,405.0,4050.0,2020-08-30
33009,2020083001001413,SHIVM,34,25,100,670.0,67000.0,2020-08-30
33008,2020083001001414,NRN,28,52,10,405.0,4050.0,2020-08-30
33007,2020083001001415,NRN,28,16,10,405.0,4050.0,2020-08-30
33006,2020083001001416,NRN,28,38,10,405.0,4050.0,2020-08-30
33005,2020083001001417,NRN,28,29,10,405.0,4050.0,2020-08-30
33004,2020083001001418,NRN,28,57,10,405.0,4050.0,2020-08-30
33003,2020083001001419,NRIC,38,33,190,708.0,134520.0,2020-08-30
33002,2020083001001420,NRN,28,34,10,405.0,4050.0,2020-08-30
33001,2020083001001421,NRN,28,56,10,405.0,4050.0,2020-08-30
33000,2020083001001422,NRN,28,59,10,405.0,4050.0,2020-08-30
32999,2020083001001423,NRN,28,50,10,405.0,4050.0,2020-08-30
32998,2020083001001424,NRN,28,51,10,405.0,4050.0,2020-08-30
32997,2020083001001425,NRN,28,45,10,405.0,4050.0,2020-08-30
32996,2020083001001426,NRN,28,14,10,405.0,4050.0,2020-08-30
32995,2020083001001427,NRN,28,13,10,405.0,4050.0,2020-08-30
32994,2020083001001428,NRIC,38,38,50,708.0,35400.0,2020-08-30
32993,2020083001001429,NRIC,36,38,30,707.0,21210.0,2020-08-30
32992,2020083001001430,NRIC,32,38,20,707.0,14140.0,2020-08-30
32991,2020083001001431,SDLBSL,48,26,10,822.0,8220.0,2020-08-30
32990,2020083001001432,NRN,28,56,10,405.0,4050.0,2020-08-30
32989,2020083001001433,NRN,28,45,10,405.0,4050.0,2020-08-30
32988,2020083001001434,NRN,28,44,10,405.0,4050.0,2020-08-30
32987,2020083001001435,NRN,28,4,10,405.0,4050.0,2020-08-30
32986,2020083001001436,NRN,28,20,10,405.0,4050.0,2020-08-30
32985,2020083001001437,NRN,28,45,10,405.0,4050.0,2020-08-30
32984,2020083001001438,NRN,28,59,10,405.0,4050.0,2020-08-30
32983,2020083001001439,NRN,28,22,10,405.0,4050.0,2020-08-30
32982,2020083001001440,PMHPL,6,17,10,79.0,790.0,2020-08-30
32981,2020083001001441,NRN,28,14,10,405.0,4050.0,2020-08-30
32980,2020083001001442,NRN,28,35,10,405.0,4050.0,2020-08-30
32979,2020083001001443,NRN,28,38,10,405.0,4050.0,2020-08-30
32978,2020083001001444,NRN,28,4,10,405.0,4050.0,2020-08-30
32977,2020083001001445,NRN,28,40,10,405.0,4050.0,2020-08-30
32976,2020083001001446,NHPC,17,38,100,55.0,5500.0,2020-08-30
32975,2020083001001447,NRN,28,6,10,405.0,4050.0,2020-08-30
32974,2020083001001448,NRN,28,39,10,405.0,4050.0,2020-08-30
32973,2020083001001449,NRN,28,34,10,405.0,4050.0,2020-08-30
32972,2020083001001450,NRN,28,58,10,405.0,4050.0,2020-08-30
32971,2020083001001451,NRN,28,34,10,405.0,4050.0,2020-08-30
32970,2020083001001452,NRN,28,39,10,405.0,4050.0,2020-08-30
32969,2020083001001453,NRN,28,48,10,405.0,4050.0,2020-08-30
32968,2020083001001454,NRN,28,4,10,405.0,4050.0,2020-08-30
32967,2020083001001455,NRN,28,40,10,405.0,4050.0,2020-08-30
32966,2020083001001456,NRN,28,59,10,405.0,4050.0,2020-08-30
32965,2020083001001457,NRIC,32,57,260,707.0,183820.0,2020-08-30
32964,2020083001001458,NRN,28,17,10,405.0,4050.0,2020-08-30
32963,2020083001001459,NRN,28,57,10,405.0,4050.0,2020-08-30
32962,2020083001001460,NRN,28,39,10,405.0,4050.0,2020-08-30
32961,2020083001001461,NRN,28,17,10,405.0,4050.0,2020-08-30
32960,2020083001001462,NRN,28,41,10,405.0,4050.0,2020-08-30
32959,2020083001001463,NRN,28,49,10,405.0,4050.0,2020-08-30
32958,2020083001001464,NRN,28,38,10,405.0,4050.0,2020-08-30
32957,2020083001001465,NRN,28,17,10,405.0,4050.0,2020-08-30
32956,2020083001001466,NRN,28,58,10,405.0,4050.0,2020-08-30
32955,2020083001001467,NRN,28,10,10,405.0,4050.0,2020-08-30
32954,2020083001001468,NRN,28,59,10,405.0,4050.0,2020-08-30
32953,2020083001001469,NRN,45,47,10,405.0,4050.0,2020-08-30
32952,2020083001001470,NRN,45,14,10,405.0,4050.0,2020-08-30
32951,2020083001001471,PLIC,59,3,344,598.0,205712.0,2020-08-30
32950,2020083001001472,NRN,26,18,10,405.0,4050.0,2020-08-30
32949,2020083001001473,NRN,26,29,10,405.0,4050.0,2020-08-30
32948,2020083001001474,NRN,26,49,10,405.0,4050.0,2020-08-30
32947,2020083001001475,NRN,10,16,10,405.0,4050.0,2020-08-30
32946,2020083001001476,NRN,10,38,10,405.0,4050.0,2020-08-30
32945,2020083001001477,NRN,10,21,10,405.0,4050.0,2020-08-30
32944,2020083001001478,NRN,10,22,10,405.0,4050.0,2020-08-30
32943,2020083001001479,NRN,10,32,10,405.0,4050.0,2020-08-30
32942,2020083001001480,NRN,10,29,10,405.0,4050.0,2020-08-30
32941,2020083001001481,NRN,10,18,10,405.0,4050.0,2020-08-30
32940,2020083001001482,NRN,10,48,10,405.0,4050.0,2020-08-30
32939,2020083001001483,NRN,10,45,10,405.0,4050.0,2020-08-30
32938,2020083001001484,HIDCL,48,26,13,130.0,1690.0,2020-08-30
32937,2020083001001485,SDLBSL,48,26,10,822.0,8220.0,2020-08-30
32936,2020083001001486,NRN,10,17,10,405.0,4050.0,2020-08-30
32935,2020083001001487,NRN,22,34,10,405.0,4050.0,2020-08-30
32934,2020083001001488,NRN,22,34,10,405.0,4050.0,2020-08-30
32933,2020083001001489,NRN,22,52,10,405.0,4050.0,2020-08-30
32932,2020083001001490,NRN,22,18,10,405.0,4050.0,2020-08-30
32931,2020083001001491,NRN,22,52,10,405.0,4050.0,2020-08-30
32930,2020083001001492,NRN,22,14,10,405.0,4050.0,2020-08-30
32929,2020083001001493,NRN,22,56,10,405.0,4050.0,2020-08-30
32928,2020083001001494,NRN,22,32,10,405.0,4050.0,2020-08-30
32927,2020083001001495,NRN,22,38,10,405.0,4050.0,2020-08-30
32926,2020083001001496,NRN,22,38,10,405.0,4050.0,2020-08-30
32925,2020083001001497,NRN,22,33,10,405.0,4050.0,2020-08-30
32924,2020083001001498,NRN,22,4,10,405.0,4050.0,2020-08-30
32923,2020083001001499,NRN,22,40,10,405.0,4050.0,2020-08-30
32922,2020083001001500,NRIC,50,41,50,705.0,35250.0,2020-08-30
32921,2020083001001501,NRN,22,11,10,405.0,4050.0,2020-08-30
32920,2020083001001502,NRN,22,57,10,405.0,4050.0,2020-08-30
32919,2020083001001503,NRN,22,57,10,405.0,4050.0,2020-08-30
32918,2020083001001504,NRN,22,34,10,405.0,4050.0,2020-08-30
32917,2020083001001505,NRN,22,14,10,405.0,4050.0,2020-08-30
32916,2020083001001506,AIL,22,10,10,509.0,5090.0,2020-08-30
32915,2020083001001507,NRN,22,56,10,405.0,4050.0,2020-08-30
32914,2020083001001508,NRN,22,20,10,405.0,4050.0,2020-08-30
32913,2020083001001509,SPDL,29,45,300,114.0,34200.0,2020-08-30
32912,2020083001001510,NRN,22,39,10,405.0,4050.0,2020-08-30
32911,2020083001001511,NRN,22,42,10,405.0,4050.0,2020-08-30
32910,2020083001001512,NRN,22,59,10,405.0,4050.0,2020-08-30
32909,2020083001001513,NRN,22,41,10,405.0,4050.0,2020-08-30
32908,2020083001001514,NRN,22,38,10,405.0,4050.0,2020-08-30
32907,2020083001001515,NRN,22,37,10,405.0,4050.0,2020-08-30
32906,2020083001001516,NRN,22,38,10,405.0,4050.0,2020-08-30
32905,2020083001001517,NRN,22,47,10,405.0,4050.0,2020-08-30
32904,2020083001001518,NRN,22,39,10,405.0,4050.0,2020-08-30
32903,2020083001001519,RHPL,29,17,30,145.0,4350.0,2020-08-30
32902,2020083001001520,NRIC,50,39,450,705.0,317250.0,2020-08-30
32901,2020083001001521,NRIC,50,39,300,705.0,211500.0,2020-08-30
32900,2020083001001522,NRIC,41,39,10,705.0,7050.0,2020-08-30
32899,2020083001001523,NRIC,4,39,50,705.0,35250.0,2020-08-30
32898,2020083001001524,NRIC,56,39,35,705.0,24675.0,2020-08-30
32897,2020083001001525,NRIC,59,39,200,705.0,141000.0,2020-08-30
32896,2020083001001526,NRN,22,58,10,405.0,4050.0,2020-08-30
32895,2020083001001527,NRN,22,17,10,405.0,4050.0,2020-08-30
32894,2020083001001528,NRIC,36,39,955,705.0,673275.0,2020-08-30
32893,2020083001001529,NRIC,36,57,290,707.0,205030.0,2020-08-30
32892,2020083001001530,NRIC,36,42,40,707.0,28280.0,2020-08-30
32891,2020083001001531,NRIC,36,25,500,708.0,354000.0,2020-08-30
32890,2020083001001532,NRIC,36,37,223,709.0,158107.0,2020-08-30
32889,2020083001001533,NRIC,36,34,1460,709.0,1035140.0,2020-08-30
32888,2020083001001534,NRIC,36,58,40,710.0,28400.0,2020-08-30
32887,2020083001001535,NRIC,36,56,10,710.0,7100.0,2020-08-30
32886,2020083001001536,NRIC,36,58,40,710.0,28400.0,2020-08-30
32885,2020083001001537,NRIC,36,41,1442,710.0,1023820.0,2020-08-30
32884,2020083001001538,NRN,22,25,10,405.0,4050.0,2020-08-30
32883,2020083001001539,NRN,22,43,10,405.0,4050.0,2020-08-30
32882,2020083001001540,NRN,22,11,10,405.0,4050.0,2020-08-30
32881,2020083001001541,NRN,22,35,10,405.0,4050.0,2020-08-30
32880,2020083001001542,NRN,22,38,10,405.0,4050.0,2020-08-30
32879,2020083001001543,NRN,22,14,10,405.0,4050.0,2020-08-30
32878,2020083001001544,NRN,22,19,10,405.0,4050.0,2020-08-30
32877,2020083001001545,SDLBSL,48,26,10,822.0,8220.0,2020-08-30
32876,2020083001001546,NRN,22,52,10,405.0,4050.0,2020-08-30
32875,2020083001001547,NRN,22,6,10,405.0,4050.0,2020-08-30
32874,2020083001001548,NRN,22,48,10,405.0,4050.0,2020-08-30
32873,2020083001001549,NRN,22,51,10,405.0,4050.0,2020-08-30
32872,2020083001001550,NRN,22,55,10,405.0,4050.0,2020-08-30
32871,2020083001001551,AIL,22,44,10,509.0,5090.0,2020-08-30
32870,2020083001001552,NRN,22,39,10,405.0,4050.0,2020-08-30
32869,2020083001001553,NRN,22,41,10,405.0,4050.0,2020-08-30
32868,2020083001001554,NRN,22,20,10,405.0,4050.0,2020-08-30
32867,2020083001001555,NRN,22,57,10,405.0,4050.0,2020-08-30
32866,2020083001001556,NRN,22,51,10,405.0,4050.0,2020-08-30
32865,2020083001001557,AKPL,42,53,100,124.0,12400.0,2020-08-30
32864,2020083001001558,NRN,22,56,10,405.0,4050.0,2020-08-30
32863,2020083001001559,NRN,22,10,10,405.0,4050.0,2020-08-30
32862,2020083001001560,NRN,32,44,10,405.0,4050.0,2020-08-30
32861,2020083001001561,NRN,32,49,10,405.0,4050.0,2020-08-30
32860,2020083001001562,NRN,32,8,10,405.0,4050.0,2020-08-30
32859,2020083001001563,NRN,32,18,10,405.0,4050.0,2020-08-30
32858,2020083001001564,NRN,32,17,10,405.0,4050.0,2020-08-30
32857,2020083001001565,CBL,43,19,110,143.0,15730.0,2020-08-30
32856,2020083001001566,NRN,32,29,10,405.0,4050.0,2020-08-30
32855,2020083001001567,NRN,32,43,10,405.0,4050.0,2020-08-30
32854,2020083001001568,NRN,32,38,10,405.0,4050.0,2020-08-30
32853,2020083001001569,NRN,32,40,10,405.0,4050.0,2020-08-30
32852,2020083001001570,NRN,32,14,10,405.0,4050.0,2020-08-30
32851,2020083001001571,NRN,32,39,10,405.0,4050.0,2020-08-30
32850,2020083001001572,NRN,32,49,10,405.0,4050.0,2020-08-30
32849,2020083001001573,UPCL,37,36,50,71.0,3550.0,2020-08-30
32848,2020083001001574,NRN,32,29,10,405.0,4050.0,2020-08-30
32847,2020083001001575,NRN,32,58,10,405.0,4050.0,2020-08-30
32846,2020083001001576,NRN,32,38,10,405.0,4050.0,2020-08-30
32845,2020083001001577,NRN,32,18,10,405.0,4050.0,2020-08-30
32844,2020083001001578,FMDBL,22,22,20,555.0,11100.0,2020-08-30
32843,2020083001001579,FMDBL,21,22,200,555.0,111000.0,2020-08-30
32842,2020083001001580,FMDBL,58,22,100,555.0,55500.0,2020-08-30
32841,2020083001001581,FMDBL,53,22,10,555.0,5550.0,2020-08-30
32840,2020083001001582,NRN,32,44,10,405.0,4050.0,2020-08-30
32839,2020083001001583,GBBL,34,39,100,245.0,24500.0,2020-08-30
32838,2020083001001584,NRN,32,18,10,405.0,4050.0,2020-08-30
32837,2020083001001585,NRN,32,58,10,405.0,4050.0,2020-08-30
32836,2020083001001586,NRN,32,20,10,405.0,4050.0,2020-08-30
32835,2020083001001587,NRN,32,14,10,405.0,4050.0,2020-08-30
32834,2020083001001588,NRN,32,47,10,405.0,4050.0,2020-08-30
32833,2020083001001589,NRN,32,57,10,405.0,4050.0,2020-08-30
32832,2020083001001590,NRN,32,59,10,405.0,4050.0,2020-08-30
32831,2020083001001591,PCBL,36,22,100,284.0,28400.0,2020-08-30
32830,2020083001001592,PCBL,58,22,500,284.0,142000.0,2020-08-30
32829,2020083001001593,NRN,32,4,10,405.0,4050.0,2020-08-30
32828,2020083001001594,NRN,32,21,10,405.0,4050.0,2020-08-30
32827,2020083001001595,SIC,57,46,20,855.0,17100.0,2020-08-30
32826,2020083001001596,SIC,39,46,80,850.0,68000.0,2020-08-30
32825,2020083001001597,NRN,32,50,10,405.0,4050.0,2020-08-30
32824,2020083001001598,NRN,32,19,10,405.0,4050.0,2020-08-30
32823,2020083001001599,NRN,32,34,10,405.0,4050.0,2020-08-30
32822,2020083001001600,NRN,32,35,10,405.0,4050.0,2020-08-30
32821,2020083001001601,NRN,32,6,10,405.0,4050.0,2020-08-30
32820,2020083001001602,NRN,32,5,10,405.0,4050.0,2020-08-30
32819,2020083001001603,NRN,32,8,10,405.0,4050.0,2020-08-30
32818,2020083001001604,NRN,32,33,10,405.0,4050.0,2020-08-30
32817,2020083001001605,NRN,32,18,10,405.0,4050.0,2020-08-30
32816,2020083001001606,NRN,32,39,10,405.0,4050.0,2020-08-30
32815,2020083001001607,NRN,32,40,10,405.0,4050.0,2020-08-30
32814,2020083001001608,NRN,32,14,10,405.0,4050.0,2020-08-30
32813,2020083001001609,NRN,32,4,10,405.0,4050.0,2020-08-30
32812,2020083001001610,NRN,32,43,10,405.0,4050.0,2020-08-30
32811,2020083001001611,NRN,32,42,10,405.0,4050.0,2020-08-30
32810,2020083001001612,NRN,32,39,10,405.0,4050.0,2020-08-30
32809,2020083001001613,NRN,32,28,10,405.0,4050.0,2020-08-30
32808,2020083001001614,NRN,32,43,10,405.0,4050.0,2020-08-30
32807,2020083001001615,NRN,32,50,10,405.0,4050.0,2020-08-30
32806,2020083001001616,SLICL,36,38,10,536.0,5360.0,2020-08-30
32805,2020083001001617,NRN,32,45,10,405.0,4050.0,2020-08-30
32804,2020083001001618,NRN,32,58,10,405.0,4050.0,2020-08-30
32803,2020083001001619,NRN,32,14,10,405.0,4050.0,2020-08-30
32802,2020083001001620,NRN,32,11,10,405.0,4050.0,2020-08-30
32801,2020083001001621,NRN,32,48,10,405.0,4050.0,2020-08-30
32800,2020083001001622,NRN,58,38,10,405.0,4050.0,2020-08-30
32799,2020083001001623,PLIC,59,3,100,598.0,59800.0,2020-08-30
32798,2020083001001624,NRN,58,38,10,405.0,4050.0,2020-08-30
32797,2020083001001625,NRN,58,56,10,405.0,4050.0,2020-08-30
32796,2020083001001626,NRN,28,49,10,405.0,4050.0,2020-08-30
32795,2020083001001627,NRN,28,14,10,405.0,4050.0,2020-08-30
32794,2020083001001628,NRN,28,41,10,405.0,4050.0,2020-08-30
32793,2020083001001629,NRN,28,4,10,405.0,4050.0,2020-08-30
32792,2020083001001630,RHPL,29,38,20,145.0,2900.0,2020-08-30
32791,2020083001001631,NRN,28,57,10,405.0,4050.0,2020-08-30
32790,2020083001001632,NRN,28,47,10,405.0,4050.0,2020-08-30
32789,2020083001001633,NRN,28,39,10,405.0,4050.0,2020-08-30
32788,2020083001001634,GBIME,58,56,25,255.0,6375.0,2020-08-30
32787,2020083001001635,GBIME,6,56,100,255.0,25500.0,2020-08-30
32786,2020083001001636,GBIME,56,56,40,255.0,10200.0,2020-08-30
32785,2020083001001637,GBIME,28,56,300,255.0,76500.0,2020-08-30
32784,2020083001001638,GBIME,29,56,100,255.0,25500.0,2020-08-30
32783,2020083001001639,GBIME,39,56,50,255.0,12750.0,2020-08-30
32782,2020083001001640,NRN,28,14,10,405.0,4050.0,2020-08-30
32781,2020083001001641,NRIC,8,14,500,707.0,353500.0,2020-08-30
32780,2020083001001642,NRN,28,29,10,405.0,4050.0,2020-08-30
32779,2020083001001643,NRN,28,57,10,405.0,4050.0,2020-08-30
32778,2020083001001644,NRN,28,19,10,405.0,4050.0,2020-08-30
32777,2020083001001645,NRN,28,55,10,405.0,4050.0,2020-08-30
32776,2020083001001646,NRN,28,35,10,405.0,4050.0,2020-08-30
32775,2020083001001647,NRN,28,56,10,405.0,4050.0,2020-08-30
