contract,symbol,buyer,seller,qty,rate,amt,date
2021100301013000,NBB,55,25,20,427.0,8540.0,2021-10-03
2021100301012999,NICA,28,38,467,849.1,396529.7,2021-10-03
2021100301012998,NICA,28,4,50,848.9,42445.0,2021-10-03
2021100301012997,NICA,28,51,50,847.0,42350.0,2021-10-03
2021100301012996,NICA,28,55,100,847.0,84700.0,2021-10-03
2021100301012995,NICA,28,49,313,846.0,264798.0,2021-10-03
2021100301012994,NICA,28,19,50,845.9,42295.0,2021-10-03
2021100301012993,NICA,28,7,100,845.5,84550.0,2021-10-03
2021100301012992,NICA,28,57,100,845.0,84500.0,2021-10-03
2021100301012991,NICA,28,21,150,845.0,126750.0,2021-10-03
2021100301012990,NICA,28,34,100,845.0,84500.0,2021-10-03
2021100301012989,NICA,28,13,60,845.0,50700.0,2021-10-03
2021100301012988,NICA,28,57,100,845.0,84500.0,2021-10-03
2021100301012987,NICA,28,58,100,845.0,84500.0,2021-10-03
2021100301012986,NICA,28,39,55,844.5,46447.5,2021-10-03
2021100301012985,NICA,28,25,95,844.0,80180.0,2021-10-03
2021100301012984,NICA,28,42,100,844.0,84400.0,2021-10-03
2021100301012983,NICA,28,59,10,844.0,8440.0,2021-10-03
2021100303018168,MNBBL,28,53,15,657.0,9855.0,2021-10-03
2021100304017482,NHPC,42,49,2815,381.0,1072515.0,2021-10-03
2021100304017481,NHPC,41,49,350,381.5,133525.0,2021-10-03
2021100304017480,NHPC,45,49,300,382.0,114600.0,2021-10-03
2021100304017479,NHPC,26,49,300,382.0,114600.0,2021-10-03
2021100304017478,NHPC,1,49,2660,382.0,1016120.0,2021-10-03
2021100304017477,AKJCL,49,33,10,301.0,3010.0,2021-10-03
2021100301012982,NBB,29,25,500,427.0,213500.0,2021-10-03
2021100301012981,MEGA,8,43,50,324.4,16220.0,2021-10-03
2021100301012980,ADBL,58,57,110,498.0,54780.0,2021-10-03
2021100303018167,BFC,36,14,50,393.0,19650.0,2021-10-03
2021100301012979,ADBL,42,57,50,498.0,24900.0,2021-10-03
2021100303018166,BFC,36,51,190,393.0,74670.0,2021-10-03
2021100301012978,ADBL,49,57,10,498.0,4980.0,2021-10-03
2021100305003741,MKLB,56,52,20,2080.0,41600.0,2021-10-03
2021100301012977,ADBL,58,57,360,498.0,179280.0,2021-10-03
2021100305003740,MKLB,56,34,40,2080.0,83200.0,2021-10-03
2021100303018165,PFL,6,57,10,520.0,5200.0,2021-10-03
2021100301012976,ADBL,57,57,100,498.0,49800.0,2021-10-03
2021100305003739,MKLB,56,1,10,2075.0,20750.0,2021-10-03
2021100303018164,PFL,5,57,100,520.0,52000.0,2021-10-03
2021100301012975,ADBL,6,57,315,498.0,156870.0,2021-10-03
2021100305003738,MKLB,56,7,10,2074.0,20740.0,2021-10-03
2021100303018163,PFL,48,57,40,520.0,20800.0,2021-10-03
2021100301012974,ADBL,57,57,50,498.1,24905.0,2021-10-03
2021100305003737,MKLB,56,7,10,2074.0,20740.0,2021-10-03
2021100303018162,PFL,32,57,50,520.0,26000.0,2021-10-03
2021100305003736,MKLB,56,35,10,2071.0,20710.0,2021-10-03
2021100303018161,MNBBL,56,28,80,653.0,52240.0,2021-10-03
2021100304017476,LEC,14,36,45,360.0,16200.0,2021-10-03
2021100304017475,LEC,14,53,55,360.0,19800.0,2021-10-03
2021100304017474,LEC,14,49,10,359.0,3590.0,2021-10-03
2021100304017473,LEC,14,34,60,359.0,21540.0,2021-10-03
2021100304017472,LEC,14,53,20,358.0,7160.0,2021-10-03
2021100304017471,LEC,14,28,10,358.0,3580.0,2021-10-03
2021100301012973,HDL,55,3,100,6400.1,640010.0,2021-10-03
2021100303018160,CLBSL,58,32,10,1294.0,12940.0,2021-10-03
2021100303018159,KSBBL,48,38,120,636.0,76320.0,2021-10-03
2021100303018158,SIFC,38,13,60,442.0,26520.0,2021-10-03
2021100303018157,SIFC,38,56,150,442.0,66300.0,2021-10-03
2021100303018156,SIFC,38,38,140,440.0,61600.0,2021-10-03
2021100303018155,MERO,48,38,200,1335.0,267000.0,2021-10-03
2021100301012972,NCCB,48,57,970,294.0,285180.0,2021-10-03
2021100303018154,MERO,48,45,25,1332.0,33300.0,2021-10-03
2021100301012971,NCCB,48,58,400,293.5,117400.0,2021-10-03
2021100303018153,MERO,48,42,20,1330.0,26600.0,2021-10-03
2021100301012970,NCCB,48,5,350,293.1,102585.0,2021-10-03
2021100303018152,MERO,48,51,20,1330.0,26600.0,2021-10-03
2021100301012969,NCCB,48,58,390,293.0,114270.0,2021-10-03
2021100303018151,MERO,48,58,158,1330.0,210140.0,2021-10-03
2021100301012968,NCCB,48,1,1000,293.0,293000.0,2021-10-03
2021100303018150,MERO,48,37,359,1325.0,475675.0,2021-10-03
2021100301012967,NCCB,48,16,180,293.0,52740.0,2021-10-03
2021100303018149,MERO,48,50,120,1325.0,159000.0,2021-10-03
2021100301012966,NCCB,48,1,52,292.5,15210.0,2021-10-03
2021100303018148,MERO,48,58,150,1325.0,198750.0,2021-10-03
2021100301012965,NCCB,48,1,658,292.0,192136.0,2021-10-03
2021100304017470,SHPC,48,41,20,447.0,8940.0,2021-10-03
2021100303018147,MERO,48,42,200,1320.0,264000.0,2021-10-03
2021100304017469,AHPC,58,38,1490,432.0,643680.0,2021-10-03
2021100301012964,SANIMA,38,48,10,498.0,4980.0,2021-10-03
2021100303018146,MERO,48,35,100,1320.0,132000.0,2021-10-03
2021100301012963,CBL,43,38,15,240.9,3613.5,2021-10-03
2021100303018145,MERO,48,20,27,1319.0,35613.0,2021-10-03
2021100304017468,AHPC,45,38,500,432.5,216250.0,2021-10-03
2021100301012962,PRVU,48,6,50,392.0,19600.0,2021-10-03
2021100304017467,AHPC,5,38,10,433.0,4330.0,2021-10-03
2021100303018144,BFC,51,1,100,392.9,39290.0,2021-10-03
2021100304017466,RADHI,47,48,50,578.0,28900.0,2021-10-03
2021100303018143,FOWAD,37,35,10,2500.0,25000.0,2021-10-03
2021100305003735,SLI,14,35,10,515.0,5150.0,2021-10-03
2021100303018142,ICFC,10,51,200,640.0,128000.0,2021-10-03
2021100303018141,ICFC,10,16,20,640.0,12800.0,2021-10-03
2021100303018140,ICFC,10,13,50,640.0,32000.0,2021-10-03
2021100303018139,ICFC,10,28,28,640.0,17920.0,2021-10-03
2021100304017465,API,50,57,192,434.0,83328.0,2021-10-03
2021100304017464,API,50,25,308,434.0,133672.0,2021-10-03
2021100304017463,AKPL,50,19,200,472.0,94400.0,2021-10-03
2021100304017462,API,32,42,136,433.0,58888.0,2021-10-03
2021100303018138,SMB,51,42,10,2136.1,21361.0,2021-10-03
2021100304017461,API,57,42,64,433.0,27712.0,2021-10-03
2021100301012961,NICA,41,59,100,844.0,84400.0,2021-10-03
2021100304017460,AKPL,19,19,20,472.0,9440.0,2021-10-03
2021100303018137,SADBL,38,57,100,395.0,39500.0,2021-10-03
2021100301012960,GBIME,6,1,25,401.9,10047.5,2021-10-03
2021100305003734,JBLB,32,52,20,3882.1,77642.0,2021-10-03
2021100304017459,SPDL,55,40,55,395.0,21725.0,2021-10-03
2021100301012959,KBL,43,28,100,285.5,28550.0,2021-10-03
2021100301012958,PRVU,26,6,90,392.0,35280.0,2021-10-03
2021100301012957,PRVU,26,38,10,391.9,3919.0,2021-10-03
2021100304017458,UNHPL,53,47,270,320.9,86643.0,2021-10-03
2021100304017457,RRHP,41,59,25,556.1,13902.5,2021-10-03
2021100304017456,RRHP,35,59,25,560.0,14000.0,2021-10-03
2021100304017455,RRHP,21,59,50,562.0,28100.0,2021-10-03
2021100303018136,MLBL,38,51,102,529.0,53958.0,2021-10-03
2021100303018135,MLBL,32,51,1758,529.0,929982.0,2021-10-03
2021100303018134,MLBL,48,51,100,529.1,52910.0,2021-10-03
2021100303018133,MLBL,45,51,40,530.0,21200.0,2021-10-03
2021100304017454,UPPER,34,41,30,597.0,17910.0,2021-10-03
2021100304017453,AHPC,58,20,247,435.0,107445.0,2021-10-03
2021100304017452,AHPC,58,22,100,434.9,43490.0,2021-10-03
2021100304017451,AHPC,58,57,500,434.5,217250.0,2021-10-03
2021100304017450,AHPC,58,35,163,433.0,70579.0,2021-10-03
2021100304017449,AHPC,58,4,490,432.9,212121.0,2021-10-03
2021100304017448,SHPC,58,41,20,447.0,8940.0,2021-10-03
2021100304017447,HDHPC,48,38,80,295.0,23600.0,2021-10-03
2021100304017446,AHPC,58,48,200,432.0,86400.0,2021-10-03
2021100303018132,RLFL,44,48,85,489.0,41565.0,2021-10-03
2021100303018131,SFCL,28,50,10,420.0,4200.0,2021-10-03
2021100304017445,RURU,14,38,10,1069.0,10690.0,2021-10-03
2021100303018130,NRN,13,55,50,584.0,29200.0,2021-10-03
2021100301012956,MEGA,8,29,163,324.4,52877.2,2021-10-03
2021100301012955,NCCB,44,1,342,292.0,99864.0,2021-10-03
2021100303018129,FOWAD,46,35,40,2500.0,100000.0,2021-10-03
2021100304017444,NHPC,1,41,340,382.0,129880.0,2021-10-03
2021100304017443,NHPC,55,41,160,382.0,61120.0,2021-10-03
2021100303018128,MFIL,11,51,10,975.0,9750.0,2021-10-03
2021100303018127,MFIL,7,51,20,977.0,19540.0,2021-10-03
2021100303018126,MFIL,45,51,300,977.0,293100.0,2021-10-03
2021100303018125,MFIL,59,51,170,978.0,166260.0,2021-10-03
2021100303018124,GRDBL,22,55,25,356.0,8900.0,2021-10-03
2021100303018123,KSBBL,42,38,295,636.0,187620.0,2021-10-03
2021100303018122,JLI,49,22,10,555.0,5550.0,2021-10-03
2021100304017442,GHL,50,22,235,345.0,81075.0,2021-10-03
2021100304017441,GHL,50,49,30,345.0,10350.0,2021-10-03
2021100304017440,GHL,50,49,30,345.0,10350.0,2021-10-03
2021100304017439,GHL,50,42,175,340.0,59500.0,2021-10-03
2021100304017438,GHL,50,7,500,339.8,169900.0,2021-10-03
2021100304017437,GHL,50,58,210,338.0,70980.0,2021-10-03
2021100304017436,GHL,50,41,20,330.0,6600.0,2021-10-03
2021100304017435,NGPL,42,25,200,643.0,128600.0,2021-10-03
2021100303018121,DDBL,17,54,30,1230.0,36900.0,2021-10-03
2021100303018120,NLICL,17,25,10,940.0,9400.0,2021-10-03
2021100303018119,GMFIL,48,17,20,457.7,9154.0,2021-10-03
2021100303018118,GMFIL,19,17,10,459.0,4590.0,2021-10-03
2021100304017434,HPPL,42,6,100,406.7,40670.0,2021-10-03
2021100303018117,GMFIL,45,17,500,460.0,230000.0,2021-10-03
2021100301012954,GBIME,6,13,40,401.0,16040.0,2021-10-03
2021100303018116,GMFIL,33,17,500,460.0,230000.0,2021-10-03
2021100303018115,GMFIL,58,17,10,465.5,4655.0,2021-10-03
2021100303018114,GMFIL,58,17,200,465.5,93100.0,2021-10-03
2021100303018113,GMFIL,48,17,100,465.5,46550.0,2021-10-03
2021100303018112,GMFIL,49,17,60,465.5,27930.0,2021-10-03
2021100301012953,NBB,17,25,320,427.0,136640.0,2021-10-03
2021100303018111,GMFIL,14,17,100,468.0,46800.0,2021-10-03
2021100303018110,FMDBL,47,17,200,869.0,173800.0,2021-10-03
2021100303018109,BFC,21,51,50,393.0,19650.0,2021-10-03
2021100303018108,HIDCL,37,49,397,307.0,121879.0,2021-10-03
2021100303018107,HIDCL,47,49,1000,307.0,307000.0,2021-10-03
2021100303018106,HIDCL,19,49,500,307.0,153500.0,2021-10-03
2021100303018105,HIDCL,13,49,200,307.0,61400.0,2021-10-03
2021100303018104,HIDCL,36,49,238,307.0,73066.0,2021-10-03
2021100303018103,HIDCL,48,49,100,307.1,30710.0,2021-10-03
2021100303018102,HIDCL,11,49,65,307.5,19987.5,2021-10-03
2021100303018101,NLIC,49,32,10,1591.0,15910.0,2021-10-03
2021100303018100,MLBL,45,58,60,530.0,31800.0,2021-10-03
2021100301012952,NMB,22,29,40,402.0,16080.0,2021-10-03
2021100301012951,NMB,22,52,10,402.0,4020.0,2021-10-03
2021100303018099,MMFDB,18,53,56,1425.0,79800.0,2021-10-03
2021100303018098,MMFDB,11,53,30,1425.0,42750.0,2021-10-03
2021100303018097,MMFDB,49,53,50,1430.0,71500.0,2021-10-03
2021100303018096,MMFDB,28,53,10,1430.0,14300.0,2021-10-03
2021100303018095,MMFDB,1,53,100,1430.0,143000.0,2021-10-03
2021100303018094,MMFDB,18,53,14,1430.0,20020.0,2021-10-03
2021100303018093,MMFDB,21,53,50,1431.0,71550.0,2021-10-03
2021100303018092,NIFRA,53,21,13,335.0,4355.0,2021-10-03
2021100303018091,NABBC,43,14,15,785.0,11775.0,2021-10-03
2021100303018090,NABBC,43,51,10,764.6,7646.0,2021-10-03
2021100303018089,NABBC,43,50,10,763.0,7630.0,2021-10-03
2021100303018088,NABBC,43,3,10,763.0,7630.0,2021-10-03
2021100303018087,NABBC,43,58,55,749.0,41195.0,2021-10-03
2021100304017433,UPCL,41,13,40,370.0,14800.0,2021-10-03
2021100303018086,HIDCL,58,56,300,308.0,92400.0,2021-10-03
2021100304017432,KPCL,32,52,150,509.0,76350.0,2021-10-03
2021100304017431,KPCL,32,28,170,508.9,86513.0,2021-10-03
2021100304017430,KPCL,32,58,80,505.0,40400.0,2021-10-03
2021100304017429,KPCL,32,41,100,502.0,50200.0,2021-10-03
2021100301012950,ADBL,54,32,100,498.2,49820.0,2021-10-03
2021100301012949,HDL,16,10,50,6407.0,320350.0,2021-10-03
2021100304017428,SGI,58,41,10,563.0,5630.0,2021-10-03
2021100304017427,NLG,14,25,100,819.0,81900.0,2021-10-03
2021100304017426,API,57,42,36,433.0,15588.0,2021-10-03
2021100304017425,HURJA,6,59,80,417.0,33360.0,2021-10-03
2021100304017424,HURJA,6,52,30,413.0,12390.0,2021-10-03
2021100304017423,HURJA,6,49,190,412.0,78280.0,2021-10-03
2021100303018085,PFL,6,20,65,521.0,33865.0,2021-10-03
2021100304017422,PPCL,14,42,10,393.0,3930.0,2021-10-03
2021100304017421,NHPC,55,21,800,382.0,305600.0,2021-10-03
2021100303018084,FMDBL,21,35,20,870.0,17400.0,2021-10-03
2021100304017420,SHPC,45,41,20,447.0,8940.0,2021-10-03
2021100304017419,NICBF,41,22,600,10.52,6312.0,2021-10-03
2021100304017418,BPCL,49,59,20,478.0,9560.0,2021-10-03
2021100304017417,BPCL,26,59,20,478.0,9560.0,2021-10-03
2021100301012948,NBL,59,45,10,485.0,4850.0,2021-10-03
2021100304017416,SHPC,16,41,10,447.0,4470.0,2021-10-03
2021100303018083,SWBBL,51,58,30,1575.0,47250.0,2021-10-03
2021100303018082,MMFDB,36,26,10,1458.0,14580.0,2021-10-03
2021100305003733,MKLB,56,4,300,2070.5,621150.0,2021-10-03
2021100301012947,NBL,39,45,100,485.0,48500.0,2021-10-03
2021100305003732,JBLB,58,25,10,3884.0,38840.0,2021-10-03
2021100301012946,SANIMA,48,48,25,498.0,12450.0,2021-10-03
2021100303018081,NIFRA,41,38,100,334.0,33400.0,2021-10-03
2021100304017415,NGPL,42,38,100,643.0,64300.0,2021-10-03
2021100303018080,GBLBS,32,26,15,911.0,13665.0,2021-10-03
2021100303018079,GBLBS,1,26,25,911.0,22775.0,2021-10-03
2021100301012945,MBL,17,20,50,380.6,19030.0,2021-10-03
2021100301012944,MBL,49,20,80,380.6,30448.0,2021-10-03
2021100301012943,PCBL,22,14,480,470.0,225600.0,2021-10-03
2021100301012942,PCBL,22,45,150,470.0,70500.0,2021-10-03
2021100301012941,PCBL,22,57,100,470.0,47000.0,2021-10-03
2021100301012940,PCBL,22,1,70,469.9,32893.0,2021-10-03
2021100301012939,PCBL,22,32,200,469.8,93960.0,2021-10-03
2021100304017414,UMHL,58,50,577,445.0,256765.0,2021-10-03
2021100304017413,UMHL,8,50,10,446.0,4460.0,2021-10-03
2021100304017412,UMHL,52,50,108,447.0,48276.0,2021-10-03
2021100304017411,UMHL,51,50,100,447.0,44700.0,2021-10-03
2021100304017410,UMHL,4,50,205,453.0,92865.0,2021-10-03
2021100303018078,MLBL,16,58,40,530.0,21200.0,2021-10-03
2021100301012938,NBL,41,45,50,485.0,24250.0,2021-10-03
2021100303018077,FOWAD,19,19,13,2500.0,32500.0,2021-10-03
2021100303018076,FOWAD,19,42,11,2500.0,27500.0,2021-10-03
2021100304017409,CHL,20,19,100,472.0,47200.0,2021-10-03
2021100303018075,NLICL,49,6,105,937.0,98385.0,2021-10-03
2021100303018074,NIFRA,6,21,10,335.0,3350.0,2021-10-03
2021100303018073,NIFRA,6,58,20,335.0,6700.0,2021-10-03
2021100304017408,RHPL,36,1,20,341.0,6820.0,2021-10-03
2021100301012937,PCBL,36,1,30,469.9,14097.0,2021-10-03
2021100303018072,GBBL,17,34,19,538.0,10222.0,2021-10-03
2021100303018071,CIT,57,39,10,3257.0,32570.0,2021-10-03
2021100304017407,UPPER,19,39,100,596.0,59600.0,2021-10-03
2021100304017406,CHL,21,14,20,475.0,9500.0,2021-10-03
2021100303018070,KRBL,20,52,90,394.5,35505.0,2021-10-03
2021100303018069,KRBL,6,52,10,395.0,3950.0,2021-10-03
2021100301012936,CZBIL,4,1,82,390.5,32021.0,2021-10-03
2021100303018068,MLBL,32,7,20,529.0,10580.0,2021-10-03
2021100301012935,CZBIL,13,1,100,391.0,39100.0,2021-10-03
2021100303018067,JFL,39,7,20,523.0,10460.0,2021-10-03
2021100301012934,CZBIL,38,1,200,391.0,78200.0,2021-10-03
2021100301012933,CZBIL,34,1,30,391.0,11730.0,2021-10-03
2021100301012932,CZBIL,26,1,88,391.0,34408.0,2021-10-03
2021100303018066,NIFRA,41,49,50,334.0,16700.0,2021-10-03
2021100303018065,MFIL,59,29,10,978.0,9780.0,2021-10-03
2021100301012931,KBL,45,47,90,285.6,25704.0,2021-10-03
2021100303018064,GFCL,45,41,10,601.0,6010.0,2021-10-03
2021100303018063,PROFL,58,45,10,348.0,3480.0,2021-10-03
2021100301012930,PRVU,45,13,25,391.2,9780.0,2021-10-03
2021100304017405,AKPL,3,44,20,472.0,9440.0,2021-10-03
2021100304017404,CHCL,57,45,200,545.0,109000.0,2021-10-03
2021100304017403,NHPC,55,34,350,382.0,133700.0,2021-10-03
2021100303018062,NSLB,34,16,10,1290.0,12900.0,2021-10-03
2021100304017402,GIC,34,57,10,542.0,5420.0,2021-10-03
2021100301012929,SANIMA,58,48,200,498.0,99600.0,2021-10-03
2021100304017401,CHL,54,14,80,475.0,38000.0,2021-10-03
2021100301012928,HDL,57,50,10,6401.0,64010.0,2021-10-03
2021100301012927,HDL,16,50,10,6403.0,64030.0,2021-10-03
2021100305003731,MKLB,56,33,17,2070.5,35198.5,2021-10-03
2021100301012926,SHIVM,14,36,159,1358.0,215922.0,2021-10-03
2021100301012925,SHIVM,14,36,20,1358.0,27160.0,2021-10-03
2021100301012924,SHIVM,14,34,100,1355.0,135500.0,2021-10-03
2021100301012923,SHIVM,14,25,32,1355.0,43360.0,2021-10-03
2021100301012922,SHIVM,14,57,155,1354.9,210009.5,2021-10-03
2021100301012921,SHIVM,14,35,11,1354.8,14902.8,2021-10-03
2021100301012920,SHIVM,14,55,50,1351.0,67550.0,2021-10-03
2021100301012919,CBL,19,42,89,240.6,21413.4,2021-10-03
2021100301012918,CBL,34,42,50,240.6,12030.0,2021-10-03
2021100301012917,CBL,35,42,441,240.6,106104.6,2021-10-03
2021100303018061,SIFC,52,38,100,440.0,44000.0,2021-10-03
2021100304017400,BPCL,7,49,50,479.0,23950.0,2021-10-03
2021100301012916,KBL,43,49,50,285.5,14275.0,2021-10-03
2021100304017399,CHL,49,14,10,475.0,4750.0,2021-10-03
2021100303018060,MLBL,32,45,172,529.0,90988.0,2021-10-03
2021100303018059,MLBL,47,45,28,529.2,14817.6,2021-10-03
2021100303018058,MLBL,34,45,100,529.2,52920.0,2021-10-03
2021100303018057,CHDC,5,34,110,829.0,91190.0,2021-10-03
2021100303018056,CHDC,5,49,20,829.0,16580.0,2021-10-03
2021100303018055,CHDC,5,57,750,816.0,612000.0,2021-10-03
2021100303018054,CHDC,5,56,120,790.1,94812.0,2021-10-03
2021100301012915,BOKL,13,22,20,335.5,6710.0,2021-10-03
2021100304017398,NGPL,42,41,70,643.0,45010.0,2021-10-03
2021100304017397,NGPL,45,41,10,644.0,6440.0,2021-10-03
2021100303018053,CFCL,38,40,20,489.9,9798.0,2021-10-03
2021100304017396,SPDL,8,40,245,395.0,96775.0,2021-10-03
2021100304017395,HDHPC,34,38,40,295.0,11800.0,2021-10-03
2021100303018052,CBBL,58,35,20,1600.0,32000.0,2021-10-03
2021100304017394,SJCL,58,34,10,339.0,3390.0,2021-10-03
2021100303018051,NLIC,38,58,30,1590.5,47715.0,2021-10-03
2021100305003730,JBLB,45,28,10,3883.0,38830.0,2021-10-03
2021100304017393,CGH,28,41,40,1252.0,50080.0,2021-10-03
2021100304017392,API,54,42,100,433.0,43300.0,2021-10-03
2021100304017391,API,54,3,400,432.9,173160.0,2021-10-03
2021100304017388,AHPC,58,14,200,432.0,86400.0,2021-10-03
2021100304017387,LEC,14,28,300,358.0,107400.0,2021-10-03
2021100303018050,SLBBL,42,7,80,1465.9,117272.0,2021-10-03
2021100303018049,GBBL,3,7,410,536.1,219801.0,2021-10-03
2021100303018048,GBBL,38,7,1000,536.2,536200.0,2021-10-03
2021100303018047,GBBL,57,7,25,536.2,13405.0,2021-10-03
2021100303018046,GBBL,49,7,25,536.5,13412.5,2021-10-03
2021100303018045,GBBL,57,7,100,536.6,53660.0,2021-10-03
2021100303018044,GBBL,47,7,130,536.7,69771.0,2021-10-03
2021100303018043,GBBL,49,7,40,536.9,21476.0,2021-10-03
2021100303018042,GBBL,42,7,10,537.0,5370.0,2021-10-03
2021100303018041,GBBL,21,7,50,537.0,26850.0,2021-10-03
2021100303018040,GBBL,26,7,100,537.2,53720.0,2021-10-03
2021100303018039,GBBL,59,7,100,537.5,53750.0,2021-10-03
2021100303018038,GBBL,35,7,10,537.9,5379.0,2021-10-03
2021100305003729,SLI,14,49,10,515.0,5150.0,2021-10-03
2021100301012914,MBL,26,36,110,381.0,41910.0,2021-10-03
2021100301012913,MBL,26,43,90,381.0,34290.0,2021-10-03
2021100303018037,HIDCL,11,45,250,307.5,76875.0,2021-10-03
2021100303018036,MNBBL,42,45,24,651.0,15624.0,2021-10-03
2021100303018035,MNBBL,54,45,31,652.0,20212.0,2021-10-03
2021100303018034,MNBBL,26,45,100,654.0,65400.0,2021-10-03
2021100304017390,GLH,17,50,140,402.9,56406.0,2021-10-03
2021100304017389,GLH,40,50,60,402.9,24174.0,2021-10-03
2021100303018033,MLBSL,53,21,10,4150.0,41500.0,2021-10-03
2021100303018032,NRIC,13,41,59,1288.0,75992.0,2021-10-03
2021100303018031,BFC,13,51,100,393.0,39300.0,2021-10-03
2021100304017386,PRIN,42,16,500,740.9,370450.0,2021-10-03
2021100304017385,AHPC,58,16,67,432.0,28944.0,2021-10-03
2021100304017384,AHPC,53,16,21,432.1,9074.1,2021-10-03
2021100304017383,UNHPL,7,57,100,318.0,31800.0,2021-10-03
2021100303018030,HIDCL,51,56,230,308.0,70840.0,2021-10-03
2021100303018029,HIDCL,51,29,40,307.9,12316.0,2021-10-03
2021100304017382,BPCL,26,55,80,478.0,38240.0,2021-10-03
2021100304017381,AHPC,53,34,29,432.1,12530.9,2021-10-03
2021100303018028,NRIC,34,41,90,1288.0,115920.0,2021-10-03
2021100303018027,PFL,38,20,50,521.0,26050.0,2021-10-03
2021100303018026,PFL,38,36,50,521.0,26050.0,2021-10-03
2021100301012912,HDL,16,38,10,6403.0,64030.0,2021-10-03
2021100304017380,IGI,33,54,20,960.0,19200.0,2021-10-03
2021100304017379,IGI,13,54,20,960.2,19204.0,2021-10-03
2021100303018025,NIFRA,26,58,40,335.0,13400.0,2021-10-03
2021100303018024,ICFC,10,28,20,640.0,12800.0,2021-10-03
2021100303018023,PLIC,28,57,45,812.0,36540.0,2021-10-03
2021100303018022,PLIC,26,57,55,812.0,44660.0,2021-10-03
2021100303018021,SLBBL,17,7,50,1465.9,73295.0,2021-10-03
2021100303018020,SLBBL,17,58,50,1465.8,73290.0,2021-10-03
2021100303018019,GUFL,8,3,10,824.9,8249.0,2021-10-03
2021100303018018,SIFC,21,38,60,440.0,26400.0,2021-10-03
2021100303018017,SIFC,21,26,40,440.0,17600.0,2021-10-03
2021100304017378,RRHP,52,6,340,563.0,191420.0,2021-10-03
2021100304017377,RRHP,52,37,160,563.0,90080.0,2021-10-03
2021100303018016,NIFRA,41,7,40,334.0,13360.0,2021-10-03
2021100303018015,NIFRA,7,7,10,334.3,3343.0,2021-10-03
2021100301012911,BOKL,26,22,100,335.5,33550.0,2021-10-03
2021100304017376,API,33,22,100,432.0,43200.0,2021-10-03
2021100304017375,GIC,58,5,10,538.0,5380.0,2021-10-03
2021100303018014,MFIL,59,17,20,977.1,19542.0,2021-10-03
2021100304017374,MHNL,56,29,10,385.0,3850.0,2021-10-03
2021100301012910,MBL,57,43,10,381.0,3810.0,2021-10-03
2021100304017373,UMHL,4,19,200,453.0,90600.0,2021-10-03
2021100304017372,UMHL,4,43,490,453.0,221970.0,2021-10-03
2021100304017371,UMHL,4,34,150,451.0,67650.0,2021-10-03
2021100304017370,UMHL,4,56,500,450.9,225450.0,2021-10-03
2021100304017369,UMHL,4,22,455,447.0,203385.0,2021-10-03
2021100304017368,UMHL,58,4,1350,445.0,600750.0,2021-10-03
2021100304017367,UMHL,56,4,500,445.1,222550.0,2021-10-03
2021100304017366,UMHL,7,4,50,445.1,22255.0,2021-10-03
2021100304017365,UMHL,20,4,100,446.0,44600.0,2021-10-03
2021100304017364,SGI,58,45,10,563.0,5630.0,2021-10-03
2021100303018013,HIDCL,38,29,10,307.9,3079.0,2021-10-03
2021100303018012,NIFRA,41,28,500,334.0,167000.0,2021-10-03
2021100304017363,LEC,37,28,70,358.0,25060.0,2021-10-03
2021100304017362,LEC,37,55,10,358.0,3580.0,2021-10-03
2021100304017361,LEC,37,17,20,355.0,7100.0,2021-10-03
2021100304017360,LEC,37,6,100,352.9,35290.0,2021-10-03
2021100304017359,LEC,37,53,150,351.8,52770.0,2021-10-03
2021100305003728,SLI,52,22,10,515.1,5151.0,2021-10-03
2021100303018011,RLFL,44,20,15,489.0,7335.0,2021-10-03
2021100304017358,NHPC,55,50,100,382.0,38200.0,2021-10-03
2021100303018010,NRIC,34,25,40,1287.0,51480.0,2021-10-03
2021100303018009,SHINE,33,58,50,431.1,21555.0,2021-10-03
2021100303018008,NTC,59,35,224,995.0,222880.0,2021-10-03
2021100303018007,NTC,42,35,20,995.0,19900.0,2021-10-03
2021100303018006,NTC,22,35,10,995.0,9950.0,2021-10-03
2021100303018005,NTC,54,35,10,995.0,9950.0,2021-10-03
2021100303018004,NTC,42,35,10,995.0,9950.0,2021-10-03
2021100303018003,NTC,47,35,50,995.0,49750.0,2021-10-03
2021100303018002,NTC,57,35,50,995.0,49750.0,2021-10-03
2021100303018001,NTC,33,35,50,995.0,49750.0,2021-10-03
2021100303018000,NTC,6,35,20,995.0,19900.0,2021-10-03
2021100303017999,NTC,42,35,18,995.0,17910.0,2021-10-03
2021100303017998,NTC,33,35,38,995.0,37810.0,2021-10-03
2021100304017357,NGPL,35,13,25,645.0,16125.0,2021-10-03
2021100304017356,NGPL,35,44,175,645.0,112875.0,2021-10-03
2021100303017997,NLIC,35,32,33,1591.0,52503.0,2021-10-03
2021100303017996,KSBBL,42,55,100,636.0,63600.0,2021-10-03
2021100305003727,JBLB,45,42,10,3883.0,38830.0,2021-10-03
2021100301012909,NABIL,4,52,20,1395.0,27900.0,2021-10-03
2021100301012908,NABIL,36,52,20,1395.0,27900.0,2021-10-03
2021100304017355,RHPL,57,7,50,340.5,17025.0,2021-10-03
2021100301012907,SBL,28,43,50,473.0,23650.0,2021-10-03
2021100304017354,RRHP,49,37,10,563.0,5630.0,2021-10-03
2021100303017995,KMCDB,5,29,50,1149.0,57450.0,2021-10-03
2021100303017994,KMCDB,41,29,100,1149.0,114900.0,2021-10-03
2021100303017993,NIFRA,44,58,10,335.0,3350.0,2021-10-03
2021100304017353,UMRH,57,58,10,510.0,5100.0,2021-10-03
2021100301012906,NBB,57,25,100,427.0,42700.0,2021-10-03
2021100301012905,MEGA,8,40,500,324.4,162200.0,2021-10-03
2021100304017352,HGI,34,7,10,619.0,6190.0,2021-10-03
2021100304017351,NMBHF1,28,3,1772,10.8,19137.6,2021-10-03
2021100303017992,ICFC,34,28,50,640.0,32000.0,2021-10-03
2021100304017350,NMBHF1,33,3,10000,10.8,108000.0,2021-10-03
2021100303017991,NICLBSL,34,28,10,1262.0,12620.0,2021-10-03
2021100304017349,NMBHF1,36,3,10000,10.8,108000.0,2021-10-03
2021100303017990,NICLBSL,34,51,10,1262.0,12620.0,2021-10-03
2021100304017348,NMBHF1,28,3,10000,10.8,108000.0,2021-10-03
2021100304017347,NMBHF1,28,3,10000,10.8,108000.0,2021-10-03
2021100304017346,NMBHF1,28,3,839,10.8,9061.2,2021-10-03
2021100304017345,HDHPC,57,58,300,294.0,88200.0,2021-10-03
2021100304017344,HDHPC,29,58,50,294.9,14745.0,2021-10-03
2021100303017989,NIFRA,38,58,130,335.0,43550.0,2021-10-03
2021100303017988,NIFRA,38,38,50,335.0,16750.0,2021-10-03
2021100303017987,NIFRA,38,58,120,335.0,40200.0,2021-10-03
2021100304017343,NGPL,38,32,10,644.0,6440.0,2021-10-03
2021100301012904,NBB,38,25,100,427.0,42700.0,2021-10-03
2021100301012903,PRVU,45,38,49,391.2,19168.8,2021-10-03
2021100301012902,KBL,6,47,70,285.6,19992.0,2021-10-03
2021100301012901,KBL,34,47,40,286.0,11440.0,2021-10-03
2021100303017986,ICFC,47,28,200,640.0,128000.0,2021-10-03
2021100303017985,SWBBL,58,16,10,1570.1,15701.0,2021-10-03
2021100304017342,EIC,25,34,100,621.0,62100.0,2021-10-03
2021100303017984,JFL,59,57,10,523.0,5230.0,2021-10-03
2021100303017983,JFL,10,57,10,523.0,5230.0,2021-10-03
2021100304017341,HURJA,6,49,30,412.0,12360.0,2021-10-03
2021100304017340,HURJA,6,43,500,405.0,202500.0,2021-10-03
2021100304017339,HURJA,6,58,20,404.0,8080.0,2021-10-03
2021100301012900,NMB,42,35,50,401.0,20050.0,2021-10-03
2021100301012899,NMB,33,35,100,401.2,40120.0,2021-10-03
2021100304017338,AKJCL,47,21,10,300.0,3000.0,2021-10-03
2021100301012898,NICA,42,59,60,844.0,50640.0,2021-10-03
2021100301012897,NICA,52,59,30,844.0,25320.0,2021-10-03
2021100304017337,RADHI,49,48,10,578.0,5780.0,2021-10-03
2021100303017982,HIDCL,54,29,50,307.9,15395.0,2021-10-03
2021100303017981,SAPDBL,45,55,140,346.0,48440.0,2021-10-03
2021100303017980,SAPDBL,45,4,860,346.0,297560.0,2021-10-03
2021100303017979,RLFL,16,20,250,489.0,122250.0,2021-10-03
2021100303017978,KSBBL,42,57,75,636.0,47700.0,2021-10-03
2021100303017977,HIDCL,51,56,10,308.0,3080.0,2021-10-03
2021100303017976,NLIC,58,32,10,1591.0,15910.0,2021-10-03
2021100301012896,GBIME,58,13,10,401.0,4010.0,2021-10-03
2021100301012895,MBL,58,43,50,381.0,19050.0,2021-10-03
2021100303017975,NLICL,49,38,50,937.0,46850.0,2021-10-03
2021100304017336,UMHL,38,22,25,447.0,11175.0,2021-10-03
2021100304017335,RRHP,41,1,320,556.1,177952.0,2021-10-03
2021100304017334,RRHP,47,1,40,560.0,22400.0,2021-10-03
2021100304017333,RRHP,50,1,40,561.0,22440.0,2021-10-03
2021100303017974,NRN,1,46,95,589.0,55955.0,2021-10-03
2021100305003726,JBLB,47,25,10,3884.0,38840.0,2021-10-03
2021100304017332,PIC,25,54,20,998.0,19960.0,2021-10-03
2021100303017973,MNBBL,54,57,169,652.0,110188.0,2021-10-03
2021100303017972,MNBBL,35,57,20,652.0,13040.0,2021-10-03
2021100303017971,MNBBL,41,57,11,653.0,7183.0,2021-10-03
2021100304017331,RRHP,55,44,50,562.0,28100.0,2021-10-03
2021100304017330,API,41,42,10,432.0,4320.0,2021-10-03
2021100304017329,API,42,42,490,432.0,211680.0,2021-10-03
2021100303017970,HIDCL,42,56,16,308.0,4928.0,2021-10-03
2021100303017969,HIDCL,52,56,50,308.0,15400.0,2021-10-03
2021100305003724,MKLB,56,49,10,2080.0,20800.0,2021-10-03
2021100305003723,MKLB,56,59,10,2080.0,20800.0,2021-10-03
2021100305003722,MKLB,56,57,10,2080.0,20800.0,2021-10-03
2021100305003721,MKLB,56,35,10,2080.0,20800.0,2021-10-03
2021100305003720,MKLB,56,22,10,2079.0,20790.0,2021-10-03
2021100305003719,MKLB,56,58,10,2079.0,20790.0,2021-10-03
2021100305003718,MKLB,56,57,10,2079.0,20790.0,2021-10-03
2021100305003717,MKLB,56,34,10,2078.0,20780.0,2021-10-03
2021100305003716,MKLB,56,17,10,2075.0,20750.0,2021-10-03
2021100305003715,MKLB,56,38,10,2075.0,20750.0,2021-10-03
2021100305003714,MKLB,56,13,20,2073.0,41460.0,2021-10-03
2021100305003713,MKLB,56,37,20,2071.0,41420.0,2021-10-03
2021100301012893,SBL,43,57,892,471.1,420221.2,2021-10-03
2021100301012892,SBL,26,57,70,472.0,33040.0,2021-10-03
2021100301012891,SBL,47,57,38,472.5,17955.0,2021-10-03
2021100304017328,GLH,51,55,40,410.0,16400.0,2021-10-03
2021100304017327,GLH,51,51,10,407.7,4077.0,2021-10-03
2021100304017326,GLH,51,48,10,407.7,4077.0,2021-10-03
2021100304017325,GLH,51,25,10,407.7,4077.0,2021-10-03
2021100304017324,SIL,4,4,1,830.0,830.0,2021-10-03
2021100303017968,NMFBS,33,26,26,2585.0,67210.0,2021-10-03
2021100301012890,SBL,47,34,12,472.5,5670.0,2021-10-03
2021100301012894,SBI,43,54,150,352.0,52800.0,2021-10-03
2021100305003725,MKLB,56,34,60,2080.0,124800.0,2021-10-03
2021100301012889,CBL,35,32,59,240.6,14195.4,2021-10-03
2021100304017323,RHPL,57,32,100,340.5,34050.0,2021-10-03
2021100301012888,CBL,7,32,182,240.7,43807.4,2021-10-03
2021100303017967,MLBL,32,55,28,529.2,14817.6,2021-10-03
2021100301012887,CBL,46,32,59,240.8,14207.2,2021-10-03
2021100301012886,HDL,57,44,10,6401.0,64010.0,2021-10-03
2021100301012885,PCBL,22,41,980,467.0,457660.0,2021-10-03
2021100301012884,PCBL,52,41,20,469.8,9396.0,2021-10-03
2021100301012883,MBL,49,57,20,380.6,7612.0,2021-10-03
2021100303017966,NIFRA,6,58,30,335.0,10050.0,2021-10-03
2021100303017965,NIFRA,6,3,10,334.3,3343.0,2021-10-03
2021100304017322,SHPC,8,49,200,447.9,89580.0,2021-10-03
2021100301012882,CBL,46,49,10,240.8,2408.0,2021-10-03
2021100301012881,CBL,41,49,50,240.8,12040.0,2021-10-03
2021100301012880,CBL,22,49,30,240.8,7224.0,2021-10-03
2021100304017321,RHPL,57,52,10,340.5,3405.0,2021-10-03
2021100301012879,SBL,45,34,20,472.5,9450.0,2021-10-03
2021100303017964,SADBL,38,59,200,395.0,79000.0,2021-10-03
2021100301012876,CCBL,28,44,796,239.1,190323.6,2021-10-03
2021100303017963,NUBL,11,39,20,1397.0,27940.0,2021-10-03
2021100303017962,NUBL,39,39,80,1397.0,111760.0,2021-10-03
2021100304017320,JOSHI,47,55,50,299.0,14950.0,2021-10-03
2021100303017961,GMFIL,34,21,10,476.5,4765.0,2021-10-03
2021100303017960,GMFIL,34,32,30,470.0,14100.0,2021-10-03
2021100304017319,JOSHI,58,55,38,299.0,11362.0,2021-10-03
2021100304017318,JOSHI,54,55,30,299.0,8970.0,2021-10-03
2021100304017317,JOSHI,19,55,20,299.0,5980.0,2021-10-03
2021100304017316,JOSHI,57,55,11,299.1,3290.1,2021-10-03
2021100301012875,SANIMA,4,48,100,498.0,49800.0,2021-10-03
2021100303017959,SADBL,38,39,72,395.0,28440.0,2021-10-03
2021100303017958,CBBL,48,35,35,1600.0,56000.0,2021-10-03
2021100301012874,MBL,49,28,100,380.6,38060.0,2021-10-03
2021100303017957,JLI,49,28,10,555.0,5550.0,2021-10-03
2021100301012873,SCB,1,26,50,523.8,26190.0,2021-10-03
2021100304017315,SHPC,1,49,50,447.9,22395.0,2021-10-03
2021100305003712,MKLB,51,37,30,2071.0,62130.0,2021-10-03
2021100303017956,NLICL,49,37,228,937.0,213636.0,2021-10-03
2021100305003711,MKLB,45,37,10,2071.0,20710.0,2021-10-03
2021100303017955,SFCL,47,38,52,414.0,21528.0,2021-10-03
2021100301012878,CCBL,33,44,960,239.0,229440.0,2021-10-03
2021100301012877,CCBL,46,44,181,239.0,43259.0,2021-10-03
2021100303017954,NLIC,55,32,10,1591.0,15910.0,2021-10-03
2021100303017953,NLIC,47,32,50,1591.0,79550.0,2021-10-03
2021100303017952,NLIC,49,32,20,1591.0,31820.0,2021-10-03
2021100303017951,NLIC,10,32,90,1591.0,143190.0,2021-10-03
2021100303017950,NLIC,58,32,20,1591.0,31820.0,2021-10-03
2021100303017949,NLIC,39,32,16,1591.0,25456.0,2021-10-03
2021100304017314,API,44,3,100,432.9,43290.0,2021-10-03
2021100301012872,NBL,44,45,10,485.0,4850.0,2021-10-03
2021100303017948,HIDCL,11,56,100,308.0,30800.0,2021-10-03
2021100303017947,NIFRA,41,33,11,334.0,3674.0,2021-10-03
2021100303017946,NIFRA,5,33,20,334.0,6680.0,2021-10-03
2021100303017945,NIFRA,14,33,19,334.0,6346.0,2021-10-03
2021100303017944,GFCL,6,57,20,592.0,11840.0,2021-10-03
2021100303017943,MFIL,4,17,60,977.1,58626.0,2021-10-03
2021100303017942,MFIL,48,17,20,978.0,19560.0,2021-10-03
2021100303017941,PROFL,22,21,10,348.0,3480.0,2021-10-03
2021100304017313,CHL,21,4,20,476.0,9520.0,2021-10-03
2021100304017312,UMHL,35,22,20,447.0,8940.0,2021-10-03
2021100303017940,SMB,47,42,10,2177.7,21777.0,2021-10-03
2021100304017311,AHPC,58,42,500,432.0,216000.0,2021-10-03
2021100303017939,SMFDB,59,32,10,1261.0,12610.0,2021-10-03
2021100303017938,NTC,33,59,52,995.0,51740.0,2021-10-03
2021100303017937,NTC,58,59,40,996.0,39840.0,2021-10-03
2021100304017310,HDHPC,53,38,10,295.0,2950.0,2021-10-03
2021100304017309,AHPC,58,57,500,432.0,216000.0,2021-10-03
2021100303017936,SDLBSL,41,18,11,1648.0,18128.0,2021-10-03
2021100304017308,PPCL,40,6,890,389.0,346210.0,2021-10-03
2021100304017307,PPCL,40,36,490,386.0,189140.0,2021-10-03
2021100301012871,KBL,34,52,100,286.0,28600.0,2021-10-03
2021100304017306,GIC,34,42,40,540.0,21600.0,2021-10-03
2021100304017305,GIC,34,32,10,539.0,5390.0,2021-10-03
2021100301012870,KBL,34,38,360,286.0,102960.0,2021-10-03
2021100304017304,NHPC,55,34,120,382.0,45840.0,2021-10-03
2021100304017303,NHPC,55,54,270,382.0,103140.0,2021-10-03
2021100303017935,SHINE,4,58,10,431.1,4311.0,2021-10-03
2021100304017302,NHPC,55,54,50,382.0,19100.0,2021-10-03
2021100304017301,NHDL,14,58,15,440.0,6600.0,2021-10-03
2021100303017934,ICFC,47,28,50,640.0,32000.0,2021-10-03
2021100303017933,NRN,25,32,10,588.0,5880.0,2021-10-03
2021100305003710,MKLB,17,6,10,2071.0,20710.0,2021-10-03
2021100303017932,ACLBSL,55,14,20,1351.0,27020.0,2021-10-03
2021100301012869,NBL,14,45,200,485.0,97000.0,2021-10-03
2021100301012868,SANIMA,21,48,85,498.0,42330.0,2021-10-03
2021100304017300,RADHI,35,48,10,578.0,5780.0,2021-10-03
2021100303017931,LBBL,7,32,50,514.0,25700.0,2021-10-03
2021100304017299,GLH,57,49,10,403.0,4030.0,2021-10-03
2021100303017930,JBBL,26,36,200,465.0,93000.0,2021-10-03
2021100303017929,JBBL,26,57,50,465.0,23250.0,2021-10-03
2021100301012867,PRVU,45,45,30,391.2,11736.0,2021-10-03
2021100303017928,JBBL,26,13,100,465.0,46500.0,2021-10-03
2021100303017927,JBBL,26,36,100,465.0,46500.0,2021-10-03
2021100303017926,JBBL,26,37,150,462.0,69300.0,2021-10-03
2021100304017298,HGI,34,44,20,610.0,12200.0,2021-10-03
2021100304017297,HGI,34,42,100,610.0,61000.0,2021-10-03
2021100304017296,HGI,34,34,12,609.0,7308.0,2021-10-03
2021100304017295,HGI,34,56,260,608.0,158080.0,2021-10-03
2021100301012866,PRVU,45,3,111,391.2,43423.2,2021-10-03
2021100303017925,GFCL,41,58,320,590.0,188800.0,2021-10-03
2021100303017924,GFCL,11,58,100,590.7,59070.0,2021-10-03
2021100303017923,NLIC,13,58,110,1591.0,175010.0,2021-10-03
2021100303017922,NLIC,17,58,30,1591.5,47745.0,2021-10-03
2021100303017921,NLIC,11,58,150,1592.0,238800.0,2021-10-03
2021100303017920,NLIC,48,58,200,1592.0,318400.0,2021-10-03
2021100303017919,ICFC,38,28,20,640.0,12800.0,2021-10-03
2021100303017918,ICFC,1,28,27,640.0,17280.0,2021-10-03
2021100303017917,ICFC,16,28,55,640.0,35200.0,2021-10-03
2021100303017916,ICFC,33,28,50,642.0,32100.0,2021-10-03
2021100303017915,GBBL,47,20,500,538.0,269000.0,2021-10-03
2021100301012865,NABIL,41,13,5,1395.0,6975.0,2021-10-03
2021100304017294,UMRH,57,42,20,509.0,10180.0,2021-10-03
2021100301012864,NBB,6,25,50,427.0,21350.0,2021-10-03
2021100304017293,SPDL,8,21,255,395.0,100725.0,2021-10-03
2021100305003709,MKLB,44,21,10,2071.1,20711.0,2021-10-03
2021100301012863,ADBL,21,41,30,498.5,14955.0,2021-10-03
2021100301012862,GBIME,41,42,68,400.0,27200.0,2021-10-03
2021100301012861,GBIME,42,42,132,400.0,52800.0,2021-10-03
2021100304017292,GIC,58,28,10,538.0,5380.0,2021-10-03
2021100304017291,SHPC,49,49,477,447.9,213648.3,2021-10-03
2021100304017290,SHPC,49,56,23,447.0,10281.0,2021-10-03
2021100301012860,SCB,32,49,17,523.1,8892.7,2021-10-03
2021100304017289,BPCL,29,49,74,479.0,35446.0,2021-10-03
2021100304017288,BPCL,29,1,26,478.9,12451.4,2021-10-03
2021100304017287,UMHL,20,43,50,446.0,22300.0,2021-10-03
2021100301012859,MEGA,8,59,50,324.4,16220.0,2021-10-03
2021100303017914,GILB,10,16,12,1941.0,23292.0,2021-10-03
2021100303017913,CIT,14,21,15,3260.0,48900.0,2021-10-03
2021100304017286,KKHC,34,38,10,300.0,3000.0,2021-10-03
2021100304017285,NICL,14,58,90,745.0,67050.0,2021-10-03
2021100301012858,NABIL,47,11,10,1395.5,13955.0,2021-10-03
2021100305003708,SLI,19,38,10,516.0,5160.0,2021-10-03
2021100303017912,CHDC,46,56,20,790.1,15802.0,2021-10-03
2021100304017284,LGIL,45,57,175,636.0,111300.0,2021-10-03
2021100304017283,LGIL,6,57,25,636.1,15902.5,2021-10-03
2021100304017282,SIL,46,17,150,830.0,124500.0,2021-10-03
2021100304017281,SIL,52,17,15,830.0,12450.0,2021-10-03
2021100304017280,SIL,35,17,50,830.0,41500.0,2021-10-03
2021100304017279,SIL,57,17,10,831.0,8310.0,2021-10-03
2021100304017278,SIL,55,17,270,832.1,224667.0,2021-10-03
2021100305003707,ULI,17,34,10,553.3,5533.0,2021-10-03
2021100301012857,HDL,17,44,10,6403.0,64030.0,2021-10-03
2021100305003706,MKLB,44,21,10,2071.1,20711.0,2021-10-03
2021100301012856,KBL,21,38,100,286.0,28600.0,2021-10-03
2021100304017277,OHL,29,55,100,476.0,47600.0,2021-10-03
2021100304017276,BPCL,45,7,13,473.4,6154.2,2021-10-03
2021100304017275,BPCL,52,7,50,474.0,23700.0,2021-10-03
2021100304017274,BPCL,59,7,200,474.0,94800.0,2021-10-03
2021100304017273,BPCL,22,7,100,474.0,47400.0,2021-10-03
2021100304017272,BPCL,49,7,100,474.0,47400.0,2021-10-03
2021100304017271,BPCL,58,7,10,474.0,4740.0,2021-10-03
2021100304017270,BPCL,58,7,50,474.4,23720.0,2021-10-03
2021100304017269,BPCL,52,7,17,474.4,8064.8,2021-10-03
2021100304017268,BPCL,13,7,100,474.9,47490.0,2021-10-03
2021100304017267,BPCL,48,7,50,474.9,23745.0,2021-10-03
2021100304017266,BPCL,5,7,40,475.0,19000.0,2021-10-03
2021100304017265,BPCL,6,7,100,475.0,47500.0,2021-10-03
2021100304017264,BPCL,45,7,20,475.0,9500.0,2021-10-03
2021100304017263,BPCL,42,7,100,476.0,47600.0,2021-10-03
2021100304017262,BPCL,45,7,10,476.0,4760.0,2021-10-03
2021100301012855,CCBL,28,42,204,239.1,48776.4,2021-10-03
2021100304017261,BPCL,14,7,100,476.0,47600.0,2021-10-03
2021100304017260,BPCL,39,7,300,476.0,142800.0,2021-10-03
2021100304017259,BPCL,7,7,50,478.0,23900.0,2021-10-03
2021100301012854,KBL,52,38,40,286.0,11440.0,2021-10-03
2021100304017258,AHPC,5,4,10,432.5,4325.0,2021-10-03
2021100301012853,NICA,41,59,100,844.0,84400.0,2021-10-03
2021100301012852,NICA,38,59,10,844.0,8440.0,2021-10-03
2021100301012851,NICA,48,59,50,844.0,42200.0,2021-10-03
2021100301012850,NICA,41,59,50,844.0,42200.0,2021-10-03
2021100301012849,NICA,11,59,20,844.0,16880.0,2021-10-03
2021100301012848,NICA,3,59,50,844.0,42200.0,2021-10-03
2021100301012847,NICA,49,59,20,844.0,16880.0,2021-10-03
2021100301012846,PRVU,45,13,200,391.2,78240.0,2021-10-03
2021100301012845,CCBL,34,41,655,240.0,157200.0,2021-10-03
2021100301012844,CCBL,34,49,1345,240.0,322800.0,2021-10-03
2021100304017257,RHPC,34,5,1100,698.0,767800.0,2021-10-03
2021100301012843,CZBIL,26,3,312,391.0,121992.0,2021-10-03
2021100301012842,CZBIL,42,3,133,391.0,52003.0,2021-10-03
2021100301012841,CZBIL,38,3,500,391.0,195500.0,2021-10-03
2021100301012840,CZBIL,14,3,62,391.0,24242.0,2021-10-03
2021100304017256,PRIN,42,58,1000,740.9,740900.0,2021-10-03
2021100301012839,LBL,38,58,500,330.1,165050.0,2021-10-03
2021100303017911,NICLBSL,59,1,10,1261.0,12610.0,2021-10-03
2021100304017255,UNHPL,47,38,19,323.0,6137.0,2021-10-03
2021100304017254,UNHPL,47,16,100,323.0,32300.0,2021-10-03
2021100304017253,UNHPL,47,59,81,323.0,26163.0,2021-10-03
2021100303017910,MNBBL,16,45,6,655.0,3930.0,2021-10-03
2021100303017909,MNBBL,16,45,30,654.0,19620.0,2021-10-03
2021100303017908,MNBBL,16,28,51,654.0,33354.0,2021-10-03
2021100303017907,MNBBL,16,4,153,654.0,100062.0,2021-10-03
2021100304017252,HURJA,6,58,30,404.0,12120.0,2021-10-03
2021100304017251,HURJA,6,57,100,401.0,40100.0,2021-10-03
2021100304017250,KKHC,35,14,10,299.0,2990.0,2021-10-03
2021100303017906,CIT,21,38,24,3260.0,78240.0,2021-10-03
2021100303017905,CIT,21,35,16,3257.0,52112.0,2021-10-03
2021100303017904,NIFRA,14,28,60,334.0,20040.0,2021-10-03
2021100304017249,MHNL,1,45,40,378.9,15156.0,2021-10-03
2021100304017248,MHNL,52,45,10,378.9,3789.0,2021-10-03
2021100304017247,MHNL,50,45,40,378.9,15156.0,2021-10-03
2021100304017246,MHNL,41,45,25,379.0,9475.0,2021-10-03
2021100303017903,KMCDB,21,45,50,1150.0,57500.0,2021-10-03
2021100304017245,MHNL,49,45,10,379.0,3790.0,2021-10-03
2021100303017902,KMCDB,48,45,50,1150.1,57505.0,2021-10-03
2021100304017244,MHNL,42,45,100,380.0,38000.0,2021-10-03
2021100301012838,BOKL,34,22,85,335.5,28517.5,2021-10-03
2021100303017901,MMFDB,42,13,10,1432.0,14320.0,2021-10-03
2021100304017243,RHPC,58,51,2999,695.0,2084305.0,2021-10-03
2021100304017242,RHPC,34,51,50,695.9,34795.0,2021-10-03
2021100304017241,RHPC,11,51,20,696.0,13920.0,2021-10-03
2021100301012837,NABIL,28,51,50,1395.0,69750.0,2021-10-03
2021100304017240,RHPC,55,51,1000,696.0,696000.0,2021-10-03
2021100301012836,NABIL,49,51,10,1395.0,13950.0,2021-10-03
2021100304017239,RHPC,41,51,20,697.0,13940.0,2021-10-03
2021100301012835,NABIL,57,51,30,1395.0,41850.0,2021-10-03
2021100304017238,RHPC,50,51,300,697.0,209100.0,2021-10-03
2021100301012834,NABIL,42,51,10,1395.0,13950.0,2021-10-03
2021100304017237,RHPC,46,51,11,697.0,7667.0,2021-10-03
2021100304017236,NHPC,41,51,150,381.5,57225.0,2021-10-03
2021100301012833,NABIL,8,51,145,1395.0,202275.0,2021-10-03
2021100301012832,NABIL,3,51,50,1395.2,69760.0,2021-10-03
2021100304017235,DHPL,34,39,100,292.0,29200.0,2021-10-03
2021100303017900,NIFRA,25,3,10,334.5,3345.0,2021-10-03
2021100303017899,EDBL,58,22,20,558.0,11160.0,2021-10-03
2021100301012831,CBL,58,49,10,240.9,2409.0,2021-10-03
2021100304017234,RHPC,46,38,100,697.0,69700.0,2021-10-03
2021100301012830,NCCB,42,48,250,292.0,73000.0,2021-10-03
2021100301012829,NCCB,26,48,100,292.0,29200.0,2021-10-03
2021100301012828,NCCB,49,48,100,292.0,29200.0,2021-10-03
2021100301012827,NCCB,48,48,50,292.0,14600.0,2021-10-03
2021100301012826,NCCB,41,48,100,292.0,29200.0,2021-10-03
2021100303017898,KSBBL,48,43,200,636.0,127200.0,2021-10-03
2021100301012825,NCCB,7,48,50,292.0,14600.0,2021-10-03
2021100303017897,KSBBL,48,53,1104,636.0,702144.0,2021-10-03
2021100301012824,NCCB,34,48,50,292.0,14600.0,2021-10-03
2021100303017896,SADBL,57,48,110,390.0,42900.0,2021-10-03
2021100301012823,NCCB,6,48,80,292.0,23360.0,2021-10-03
2021100301012822,NCCB,33,48,50,292.0,14600.0,2021-10-03
2021100303017895,SADBL,57,48,85,390.0,33150.0,2021-10-03
2021100304017233,API,48,42,114,433.0,49362.0,2021-10-03
2021100301012821,NCCB,53,48,100,292.0,29200.0,2021-10-03
2021100304017232,API,48,8,100,433.0,43300.0,2021-10-03
2021100303017894,SADBL,47,48,80,390.1,31208.0,2021-10-03
2021100301012820,NCCB,56,48,10,292.0,2920.0,2021-10-03
2021100304017231,API,48,38,286,433.0,123838.0,2021-10-03
2021100303017893,SADBL,38,48,45,392.0,17640.0,2021-10-03
2021100301012819,NCCB,6,48,418,292.0,122056.0,2021-10-03
2021100303017892,ICFC,16,28,100,640.0,64000.0,2021-10-03
2021100304017230,SSHL,54,22,100,323.2,32320.0,2021-10-03
2021100304017229,UNHPL,7,22,90,318.0,28620.0,2021-10-03
2021100304017228,UNHPL,8,22,10,318.0,3180.0,2021-10-03
2021100304017227,UNHPL,52,22,100,318.0,31800.0,2021-10-03
2021100304017226,UNHPL,21,22,100,318.0,31800.0,2021-10-03
2021100304017225,UNHPL,17,22,100,319.0,31900.0,2021-10-03
2021100304017224,UNHPL,29,22,100,319.0,31900.0,2021-10-03
2021100304017223,UPPER,58,44,35,595.3,20835.5,2021-10-03
2021100304017222,UPPER,45,44,20,596.0,11920.0,2021-10-03
2021100304017221,UPPER,17,44,90,596.0,53640.0,2021-10-03
2021100305003705,ULI,34,50,10,553.2,5532.0,2021-10-03
2021100304017220,AKPL,50,26,100,474.0,47400.0,2021-10-03
2021100303017891,MERO,33,46,30,1310.0,39300.0,2021-10-03
2021100301012818,NBB,17,25,100,427.0,42700.0,2021-10-03
2021100304017219,PRIN,21,21,100,745.0,74500.0,2021-10-03
2021100303017890,CIT,33,35,20,3257.0,65140.0,2021-10-03
2021100301012817,PRVU,35,6,600,392.0,235200.0,2021-10-03
2021100303017889,CIT,22,35,10,3257.0,32570.0,2021-10-03
2021100303017888,CIT,17,35,10,3258.0,32580.0,2021-10-03
2021100303017887,MFIL,4,55,40,977.1,39084.0,2021-10-03
2021100303017886,MFIL,19,55,30,979.0,29370.0,2021-10-03
2021100303017885,EDBL,49,22,100,558.0,55800.0,2021-10-03
2021100305003704,MKLB,45,49,10,2071.0,20710.0,2021-10-03
2021100301012816,GBIME,42,45,20,400.0,8000.0,2021-10-03
2021100301012815,NMB,19,52,30,402.0,12060.0,2021-10-03
2021100301012814,NMB,41,52,50,402.0,20100.0,2021-10-03
2021100301012813,NMB,32,52,10,402.0,4020.0,2021-10-03
2021100301012812,NMB,6,52,10,402.0,4020.0,2021-10-03
2021100301012811,NMB,57,52,190,402.0,76380.0,2021-10-03
2021100303017884,MFIL,19,29,50,979.0,48950.0,2021-10-03
2021100304017218,NGPL,42,53,50,643.0,32150.0,2021-10-03
2021100301012810,NABIL,57,11,20,1395.5,27910.0,2021-10-03
2021100304017217,LEC,39,35,60,345.5,20730.0,2021-10-03
2021100303017883,GBBL,14,17,50,538.0,26900.0,2021-10-03
2021100305003703,SLI,14,58,10,515.0,5150.0,2021-10-03
2021100301012809,NMB,57,38,10,402.0,4020.0,2021-10-03
2021100301012808,NMB,7,38,40,402.0,16080.0,2021-10-03
2021100301012807,MEGA,38,29,200,324.5,64900.0,2021-10-03
2021100303017882,JBBL,38,37,50,462.0,23100.0,2021-10-03
2021100301012806,NBB,37,25,1000,427.0,427000.0,2021-10-03
2021100301012805,KBL,6,19,150,285.6,42840.0,2021-10-03
2021100301012804,KBL,51,19,150,285.7,42855.0,2021-10-03
2021100303017881,FMDBL,33,35,20,870.0,17400.0,2021-10-03
2021100304017216,AKJCL,47,6,10,300.0,3000.0,2021-10-03
2021100301012803,NBB,22,25,100,427.0,42700.0,2021-10-03
2021100301012802,NBB,46,25,300,427.0,128100.0,2021-10-03
2021100304017215,PIC,6,25,200,979.1,195820.0,2021-10-03
2021100301012801,NBB,21,25,30,427.0,12810.0,2021-10-03
2021100301012800,NBB,34,25,110,427.0,46970.0,2021-10-03
2021100304017214,PIC,35,25,50,980.0,49000.0,2021-10-03
2021100301012799,NBB,1,25,100,428.0,42800.0,2021-10-03
2021100304017213,PIC,42,25,50,980.0,49000.0,2021-10-03
2021100304017212,SHPC,28,42,816,445.0,363120.0,2021-10-03
2021100304017211,SHPC,48,42,500,446.0,223000.0,2021-10-03
2021100304017210,SHPC,57,42,113,446.0,50398.0,2021-10-03
2021100304017209,SHPC,52,42,100,447.0,44700.0,2021-10-03
2021100304017208,SHPC,55,42,180,447.0,80460.0,2021-10-03
2021100304017207,SHPC,13,42,50,447.0,22350.0,2021-10-03
2021100304017206,SHPC,34,42,91,447.0,40677.0,2021-10-03
2021100304017205,AHPC,35,42,20,432.0,8640.0,2021-10-03
2021100301012798,NICA,35,39,10,844.5,8445.0,2021-10-03
2021100304017204,AHPC,52,42,20,432.0,8640.0,2021-10-03
2021100303017880,MLBL,48,7,100,529.1,52910.0,2021-10-03
2021100304017203,AHPC,58,42,60,432.0,25920.0,2021-10-03
2021100303017879,HIDCL,52,58,97,308.0,29876.0,2021-10-03
2021100301012797,LBL,13,29,50,330.0,16500.0,2021-10-03
2021100301012796,LBL,47,29,100,330.0,33000.0,2021-10-03
2021100303017878,PFL,52,22,145,521.0,75545.0,2021-10-03
2021100304017202,KPCL,19,41,10,502.0,5020.0,2021-10-03
2021100304017201,PPCL,11,57,50,383.0,19150.0,2021-10-03
2021100303017877,KSBBL,42,58,30,634.1,19023.0,2021-10-03
2021100304017200,SHPC,34,58,100,447.0,44700.0,2021-10-03
2021100303017876,SADBL,38,36,455,392.0,178360.0,2021-10-03
2021100304017199,UPPER,17,20,10,596.0,5960.0,2021-10-03
2021100303017875,EDBL,33,22,10,558.0,5580.0,2021-10-03
2021100304017198,SIL,55,41,56,832.1,46597.6,2021-10-03
2021100304017197,UMRH,57,42,10,509.0,5090.0,2021-10-03
2021100303017874,PFL,52,35,190,521.0,98990.0,2021-10-03
2021100301012795,NBB,34,49,917,427.0,391559.0,2021-10-03
2021100301012794,NBB,58,49,140,428.0,59920.0,2021-10-03
2021100301012793,PRVU,45,45,270,391.2,105624.0,2021-10-03
2021100303017873,HIDCL,45,58,50,308.0,15400.0,2021-10-03
2021100305003702,JBLB,59,16,10,3884.0,38840.0,2021-10-03
2021100303017872,CBBL,39,41,100,1600.0,160000.0,2021-10-03
2021100303017871,CBBL,39,7,100,1600.0,160000.0,2021-10-03
2021100304017196,NIL,39,57,10,1210.0,12100.0,2021-10-03
2021100303017870,SFCL,57,14,50,414.0,20700.0,2021-10-03
2021100303017869,SFCL,13,14,50,414.0,20700.0,2021-10-03
2021100301012792,SANIMA,51,48,200,498.0,99600.0,2021-10-03
2021100301012791,PRVU,51,6,10,392.0,3920.0,2021-10-03
2021100301012790,GBIME,42,34,279,400.0,111600.0,2021-10-03
2021100303017868,CHDC,41,56,10,790.1,7901.0,2021-10-03
2021100301012789,GBIME,14,34,291,401.0,116691.0,2021-10-03
2021100303017867,NRN,55,46,100,589.0,58900.0,2021-10-03
2021100301012788,SBI,26,38,90,351.0,31590.0,2021-10-03
2021100304017195,SSHL,54,40,60,323.2,19392.0,2021-10-03
2021100303017866,NLIC,48,58,27,1592.0,42984.0,2021-10-03
2021100303017865,NLIC,56,58,10,1592.0,15920.0,2021-10-03
2021100303017864,NRIC,22,57,20,1287.0,25740.0,2021-10-03
2021100304017194,HPPL,42,32,259,406.7,105335.3,2021-10-03
2021100303017863,ICFC,16,32,45,640.0,28800.0,2021-10-03
2021100304017193,HPPL,8,32,10,407.0,4070.0,2021-10-03
2021100304017192,HPPL,8,32,40,407.0,16280.0,2021-10-03
2021100303017862,ICFC,36,32,20,640.0,12800.0,2021-10-03
2021100303017861,MFIL,19,54,20,978.0,19560.0,2021-10-03
2021100305003701,MKLB,8,19,10,2071.1,20711.0,2021-10-03
2021100303017860,HIDCL,33,58,20,308.0,6160.0,2021-10-03
2021100304017191,AKPL,45,17,200,471.0,94200.0,2021-10-03
2021100304017190,UMHL,58,8,100,445.0,44500.0,2021-10-03
2021100301012787,NBL,21,45,20,485.0,9700.0,2021-10-03
2021100304017189,UMHL,25,45,100,445.1,44510.0,2021-10-03
2021100301012786,LBL,7,58,70,330.1,23107.0,2021-10-03
2021100304017188,AHPC,58,49,40,432.0,17280.0,2021-10-03
2021100304017187,SHL,36,52,150,227.5,34125.0,2021-10-03
2021100304017186,SHL,51,52,500,227.6,113800.0,2021-10-03
2021100304017185,SHL,1,52,150,228.0,34200.0,2021-10-03
2021100303017859,NRIC,36,59,50,1286.0,64300.0,2021-10-03
2021100303017858,NRIC,8,59,100,1286.0,128600.0,2021-10-03
2021100304017184,NICBF,41,13,9400,10.52,98888.0,2021-10-03
2021100304017183,NICBF,42,13,500,10.52,5260.0,2021-10-03
2021100303017857,JBBL,35,14,103,460.0,47380.0,2021-10-03
2021100304017182,HPPL,8,36,50,407.0,20350.0,2021-10-03
2021100303017856,JBBL,44,14,250,460.0,115000.0,2021-10-03
2021100304017181,HPPL,42,36,450,407.0,183150.0,2021-10-03
2021100303017855,JBBL,58,14,100,460.0,46000.0,2021-10-03
2021100304017180,PPCL,14,36,10,386.0,3860.0,2021-10-03
2021100303017854,JBBL,39,14,147,460.0,67620.0,2021-10-03
2021100303017853,JBBL,58,14,150,461.0,69150.0,2021-10-03
2021100304017179,HDHPC,39,38,300,295.0,88500.0,2021-10-03
2021100301012785,SCB,32,51,35,523.1,18308.5,2021-10-03
2021100304017178,BARUN,3,13,15,424.0,6360.0,2021-10-03
2021100304017177,BARUN,3,51,100,419.0,41900.0,2021-10-03
2021100304017176,BARUN,3,33,35,418.0,14630.0,2021-10-03
2021100305003700,MKLB,8,58,10,2071.1,20711.0,2021-10-03
2021100303017852,KSBBL,48,20,1000,635.0,635000.0,2021-10-03
2021100303017851,KSBBL,48,57,300,635.0,190500.0,2021-10-03
2021100303017850,KSBBL,48,46,117,635.0,74295.0,2021-10-03
2021100301012784,NABIL,22,49,3,1395.0,4185.0,2021-10-03
2021100303017849,HIDCL,16,58,133,308.0,40964.0,2021-10-03
2021100303017848,HIDCL,16,45,67,308.0,20636.0,2021-10-03
2021100303017847,DDBL,29,33,190,1232.0,234080.0,2021-10-03
2021100303017846,NIFRA,14,33,21,334.0,7014.0,2021-10-03
2021100303017845,NIFRA,56,33,100,334.0,33400.0,2021-10-03
2021100303017844,NIFRA,26,33,50,334.0,16700.0,2021-10-03
2021100303017843,NIFRA,11,33,29,334.0,9686.0,2021-10-03
2021100304017175,SICL,58,57,50,1655.0,82750.0,2021-10-03
2021100301012783,NCCB,6,1,100,292.5,29250.0,2021-10-03
2021100304017174,LUK,41,48,900,9.85,8865.0,2021-10-03
2021100303017842,GFCL,6,21,50,590.7,29535.0,2021-10-03
2021100303017841,DDBL,29,42,10,1232.0,12320.0,2021-10-03
2021100304017173,API,42,45,10,432.0,4320.0,2021-10-03
2021100303017840,SAPDBL,16,49,80,345.0,27600.0,2021-10-03
2021100301012782,NICA,49,39,25,844.5,21112.5,2021-10-03
2021100303017839,SAPDBL,21,49,20,345.0,6900.0,2021-10-03
2021100304017172,AHPC,52,35,348,433.0,150684.0,2021-10-03
2021100304017171,AHPC,52,54,152,432.9,65800.8,2021-10-03
2021100303017838,ICFC,36,53,50,640.0,32000.0,2021-10-03
2021100301012781,GBIME,14,42,100,401.0,40100.0,2021-10-03
2021100301012780,GBIME,14,45,609,401.0,244209.0,2021-10-03
2021100304017170,SICL,58,39,50,1655.0,82750.0,2021-10-03
2021100304017169,SICL,58,37,265,1654.0,438310.0,2021-10-03
2021100301012779,SANIMA,54,48,110,498.0,54780.0,2021-10-03
2021100305003699,JBLB,54,8,10,3890.0,38900.0,2021-10-03
2021100303017837,NRIC,10,32,50,1287.0,64350.0,2021-10-03
2021100301012778,HDL,16,22,10,6408.0,64080.0,2021-10-03
2021100303017836,NTC,33,41,30,995.0,29850.0,2021-10-03
2021100303017835,NTC,35,41,10,995.5,9955.0,2021-10-03
2021100304017168,CHL,21,4,20,476.0,9520.0,2021-10-03
2021100301012777,NMB,7,42,30,402.0,12060.0,2021-10-03
2021100301012776,NMB,59,42,20,402.0,8040.0,2021-10-03
2021100303017834,NICLBSL,59,45,10,1261.0,12610.0,2021-10-03
2021100304017167,RADHI,11,26,65,576.0,37440.0,2021-10-03
2021100303017833,JSLBB,21,53,10,2830.0,28300.0,2021-10-03
2021100301012775,PCBL,22,14,20,467.0,9340.0,2021-10-03
2021100303017832,SLBBL,39,7,10,1465.9,14659.0,2021-10-03
2021100304017166,SHPC,51,51,100,449.0,44900.0,2021-10-03
2021100303017831,NLIC,56,26,10,1592.0,15920.0,2021-10-03
2021100304017165,SJCL,34,34,50,337.5,16875.0,2021-10-03
2021100303017830,NLIC,56,51,70,1592.0,111440.0,2021-10-03
2021100303017829,NLIC,56,45,110,1592.0,175120.0,2021-10-03
2021100304017164,SJCL,58,34,50,338.0,16900.0,2021-10-03
2021100303017828,JBBL,39,54,51,460.0,23460.0,2021-10-03
2021100304017163,NHPC,42,47,5000,381.0,1905000.0,2021-10-03
2021100304017162,RHPL,48,32,30,339.5,10185.0,2021-10-03
2021100304017161,RHPL,50,32,160,340.1,54416.0,2021-10-03
2021100304017160,KKHC,50,38,90,300.0,27000.0,2021-10-03
2021100305003698,ULI,34,57,20,553.2,11064.0,2021-10-03
2021100305003697,ULI,43,57,30,553.2,16596.0,2021-10-03
2021100304017159,UMRH,57,49,10,509.0,5090.0,2021-10-03
2021100305003696,ULI,43,57,30,553.3,16599.0,2021-10-03
2021100304017158,GIC,58,29,70,538.0,37660.0,2021-10-03
2021100303017827,NIFRA,11,26,71,334.0,23714.0,2021-10-03
2021100303017826,NIFRA,21,26,62,334.0,20708.0,2021-10-03
2021100303017825,NIFRA,58,26,20,334.3,6686.0,2021-10-03
2021100303017824,NIFRA,34,26,147,334.5,49171.5,2021-10-03
2021100303017823,LICN,43,10,10,1846.0,18460.0,2021-10-03
2021100303017822,LICN,43,59,10,1840.0,18400.0,2021-10-03
2021100301012774,NICA,44,39,10,844.5,8445.0,2021-10-03
2021100304017157,SHEL,34,57,10,382.2,3822.0,2021-10-03
2021100304017156,SHEL,7,57,40,382.2,15288.0,2021-10-03
2021100304017155,UPCL,14,13,54,370.0,19980.0,2021-10-03
2021100304017154,UPCL,14,21,46,370.0,17020.0,2021-10-03
2021100301012773,NBL,58,45,10,485.0,4850.0,2021-10-03
2021100304017153,UPPER,55,55,100,596.0,59600.0,2021-10-03
2021100301012772,NBL,28,45,50,485.0,24250.0,2021-10-03
2021100304017152,AHPC,47,22,200,432.5,86500.0,2021-10-03
2021100303017821,PROFL,22,45,200,348.0,69600.0,2021-10-03
2021100303017820,PROFL,22,45,300,344.0,103200.0,2021-10-03
2021100303017819,PROFL,22,14,100,343.0,34300.0,2021-10-03
2021100303017818,PROFL,22,25,385,343.0,132055.0,2021-10-03
2021100301012771,NBB,58,19,200,428.0,85600.0,2021-10-03
2021100304017151,HDHPC,57,38,30,295.0,8850.0,2021-10-03
2021100304017150,HDHPC,57,45,70,295.0,20650.0,2021-10-03
2021100301012770,CZBIL,14,21,138,391.0,53958.0,2021-10-03
2021100301012769,CZBIL,22,21,62,391.0,24242.0,2021-10-03
2021100301012768,EBL,55,13,185,697.5,129037.5,2021-10-03
2021100301012767,EBL,55,29,815,697.3,568299.5,2021-10-03
2021100304017149,SPDL,49,21,35,395.0,13825.0,2021-10-03
2021100304017148,UMHL,58,52,150,445.0,66750.0,2021-10-03
2021100304017147,NHPC,42,59,900,381.0,342900.0,2021-10-03
2021100304017146,SHPC,34,38,109,447.0,48723.0,2021-10-03
2021100303017817,PLI,59,55,60,565.1,33906.0,2021-10-03
2021100301012766,NMB,59,48,80,402.0,32160.0,2021-10-03
2021100301012765,NMB,42,48,20,402.0,8040.0,2021-10-03
2021100304017145,API,47,45,100,432.0,43200.0,2021-10-03
2021100305003695,JBLB,59,50,10,3884.0,38840.0,2021-10-03
2021100303017816,CLBSL,42,32,27,1290.0,34830.0,2021-10-03
2021100301012764,BOKL,34,19,15,335.5,5032.5,2021-10-03
2021100301012763,SANIMA,42,48,100,498.0,49800.0,2021-10-03
2021100303017815,GFCL,35,49,100,590.7,59070.0,2021-10-03
2021100304017144,UMHL,52,45,100,445.1,44510.0,2021-10-03
2021100301012762,GBIME,42,1,569,400.0,227600.0,2021-10-03
2021100301012761,GBIME,58,1,23,400.0,9200.0,2021-10-03
2021100301012760,GBIME,59,1,100,400.1,40010.0,2021-10-03
2021100301012759,GBIME,57,1,50,400.1,20005.0,2021-10-03
2021100301012758,GBIME,10,1,100,400.1,40010.0,2021-10-03
2021100301012757,GBIME,55,1,100,400.5,40050.0,2021-10-03
2021100301012756,GBIME,55,1,58,400.5,23229.0,2021-10-03
2021100303017814,CIT,22,29,50,3257.0,162850.0,2021-10-03
2021100301012755,SANIMA,56,48,31,498.0,15438.0,2021-10-03
2021100303017813,MNBBL,41,34,89,653.0,58117.0,2021-10-03
2021100304017143,RBCL,16,38,10,17000.0,170000.0,2021-10-03
2021100303017812,MFIL,47,54,50,978.0,48900.0,2021-10-03
2021100304017142,SIC,25,22,55,1177.0,64735.0,2021-10-03
2021100304017141,SIC,35,22,20,1177.0,23540.0,2021-10-03
2021100303017811,PLI,32,10,100,565.1,56510.0,2021-10-03
2021100304017140,AKPL,50,26,35,474.0,16590.0,2021-10-03
2021100304017139,AKPL,50,16,65,472.0,30680.0,2021-10-03
2021100301012754,NABIL,21,11,51,1395.5,71170.5,2021-10-03
2021100303017810,NIFRA,21,58,150,335.0,50250.0,2021-10-03
2021100303017809,NIFRA,6,58,160,335.0,53600.0,2021-10-03
2021100304017138,UPCL,6,21,100,370.0,37000.0,2021-10-03
2021100303017808,ALICL,7,34,270,1152.0,311040.0,2021-10-03
2021100303017807,ALICL,7,58,30,1150.0,34500.0,2021-10-03
2021100305003694,SLI,42,17,10,516.0,5160.0,2021-10-03
2021100305003693,SLI,42,54,10,516.0,5160.0,2021-10-03
2021100301012753,PRVU,42,6,100,392.0,39200.0,2021-10-03
2021100301012752,NBL,49,45,17,485.0,8245.0,2021-10-03
2021100301012751,NBL,49,45,83,485.0,40255.0,2021-10-03
2021100303017806,KSBBL,49,46,25,635.0,15875.0,2021-10-03
2021100303017805,NLIC,13,16,500,1591.0,795500.0,2021-10-03
2021100301012750,HDL,35,41,10,6400.0,64000.0,2021-10-03
2021100301012749,HDL,34,41,50,6400.1,320005.0,2021-10-03
2021100301012748,HDL,16,41,35,6403.0,224105.0,2021-10-03
2021100303017804,BFC,58,51,20,393.0,7860.0,2021-10-03
2021100304017137,NIL,46,38,15,1206.0,18090.0,2021-10-03
2021100304017136,NIL,1,38,50,1206.1,60305.0,2021-10-03
2021100304017135,NICL,5,38,73,744.0,54312.0,2021-10-03
2021100304017134,NICL,45,38,1440,744.0,1071360.0,2021-10-03
2021100304017133,NICL,49,38,150,744.1,111615.0,2021-10-03
2021100304017132,NICL,50,38,37,744.1,27531.7,2021-10-03
2021100303017803,BFC,19,28,250,391.1,97775.0,2021-10-03
2021100303017802,MFIL,38,54,30,980.0,29400.0,2021-10-03
2021100304017131,SHL,1,50,130,229.0,29770.0,2021-10-03
2021100304017130,SHL,1,13,300,229.0,68700.0,2021-10-03
2021100303017801,CIT,10,38,10,3260.0,32600.0,2021-10-03
2021100303017800,SFCL,32,47,74,415.0,30710.0,2021-10-03
2021100304017129,RHPL,50,34,40,340.1,13604.0,2021-10-03
2021100303017799,ICFC,49,17,203,636.2,129148.6,2021-10-03
2021100303017798,ICFC,25,17,500,637.0,318500.0,2021-10-03
2021100303017797,ICFC,36,17,150,637.0,95550.0,2021-10-03
2021100303017796,ICFC,4,17,100,637.0,63700.0,2021-10-03
2021100303017795,ICFC,17,17,50,638.0,31900.0,2021-10-03
2021100303017794,ICFC,21,17,20,638.0,12760.0,2021-10-03
2021100303017793,ICFC,25,17,500,638.0,319000.0,2021-10-03
2021100303017792,ICFC,38,17,52,638.0,33176.0,2021-10-03
2021100303017791,ICFC,52,17,70,639.0,44730.0,2021-10-03
2021100303017790,ICFC,38,17,100,639.0,63900.0,2021-10-03
2021100303017789,ICFC,44,17,105,639.0,67095.0,2021-10-03
2021100303017788,ICFC,38,17,50,640.0,32000.0,2021-10-03
2021100303017787,ICFC,48,17,25,640.0,16000.0,2021-10-03
2021100303017786,ICFC,51,17,55,640.0,35200.0,2021-10-03
2021100303017785,ICFC,49,17,10,642.0,6420.0,2021-10-03
2021100303017784,GILB,55,7,75,1941.5,145612.5,2021-10-03
2021100303017783,GILB,57,7,10,1943.0,19430.0,2021-10-03
2021100301012747,KBL,6,25,280,285.6,79968.0,2021-10-03
2021100301012746,KBL,6,25,1000,285.6,285600.0,2021-10-03
2021100301012745,KBL,49,25,20,285.7,5714.0,2021-10-03
2021100303017782,ICFC,49,13,85,642.0,54570.0,2021-10-03
2021100304017128,API,51,45,10,432.0,4320.0,2021-10-03
2021100304017127,DHPL,48,1,10,290.0,2900.0,2021-10-03
2021100304017126,UNHPL,53,58,20,321.0,6420.0,2021-10-03
2021100303017781,MFIL,38,45,20,980.0,19600.0,2021-10-03
2021100303017780,KSBBL,48,20,1000,634.0,634000.0,2021-10-03
2021100301012744,NCCB,43,1,500,292.5,146250.0,2021-10-03
2021100301012743,NCCB,18,1,348,292.5,101790.0,2021-10-03
2021100301012742,ADBL,50,41,200,498.5,99700.0,2021-10-03
2021100301012741,NICA,34,44,50,844.0,42200.0,2021-10-03
2021100301012740,NICA,10,44,216,844.0,182304.0,2021-10-03
2021100301012739,NICA,45,44,70,844.1,59087.0,2021-10-03
2021100301012738,NICA,57,44,100,844.1,84410.0,2021-10-03
2021100301012737,NICA,29,44,10,844.3,8443.0,2021-10-03
2021100301012736,NICA,43,44,50,844.5,42225.0,2021-10-03
2021100303017779,JBBL,57,56,300,465.0,139500.0,2021-10-03
2021100303017778,JBBL,57,57,50,465.0,23250.0,2021-10-03
2021100303017777,JBBL,57,56,150,461.0,69150.0,2021-10-03
2021100303017776,MNBBL,57,28,10,654.0,6540.0,2021-10-03
2021100304017125,KKHC,35,17,150,299.0,44850.0,2021-10-03
2021100304017124,KKHC,42,17,10,300.0,3000.0,2021-10-03
2021100301012735,NMB,6,29,50,403.0,20150.0,2021-10-03
2021100303017775,GBBL,45,35,200,538.0,107600.0,2021-10-03
2021100303017774,ICFC,51,13,45,640.0,28800.0,2021-10-03
2021100303017773,ICFC,20,13,160,640.0,102400.0,2021-10-03
2021100304017123,HPPL,42,57,50,407.0,20350.0,2021-10-03
2021100301012734,MEGA,57,29,100,324.5,32450.0,2021-10-03
2021100304017122,UMHL,58,59,2000,445.0,890000.0,2021-10-03
2021100301012733,NBL,34,45,10,485.0,4850.0,2021-10-03
2021100301012732,NBB,58,1,80,428.0,34240.0,2021-10-03
2021100301012731,NBB,58,49,80,428.0,34240.0,2021-10-03
2021100303017772,PROFL,58,25,100,343.0,34300.0,2021-10-03
2021100301012730,MEGA,4,29,200,324.5,64900.0,2021-10-03
2021100304017121,API,38,38,20,433.0,8660.0,2021-10-03
2021100301012729,PRVU,45,55,50,391.2,19560.0,2021-10-03
2021100303017771,HIDCL,48,45,20,308.0,6160.0,2021-10-03
2021100304017120,UPPER,11,32,48,596.0,28608.0,2021-10-03
2021100304017119,UPPER,11,59,52,596.0,30992.0,2021-10-03
2021100304017118,BARUN,11,33,165,418.0,68970.0,2021-10-03
2021100301012728,NICA,11,26,58,845.0,49010.0,2021-10-03
2021100304017117,BARUN,11,3,160,418.0,66880.0,2021-10-03
2021100301012727,NICA,11,45,12,845.0,10140.0,2021-10-03
2021100304017116,BARUN,11,53,35,417.0,14595.0,2021-10-03
2021100301012726,NICA,11,57,30,844.9,25347.0,2021-10-03
2021100303017770,NIFRA,44,58,100,335.0,33500.0,2021-10-03
2021100301012725,PRVU,52,6,20,392.9,7858.0,2021-10-03
2021100304017115,UPPER,45,55,5,596.0,2980.0,2021-10-03
2021100304017114,UPPER,55,55,20,596.0,11920.0,2021-10-03
2021100301012724,GBIME,42,45,130,401.0,52130.0,2021-10-03
2021100301012723,KBL,35,38,95,286.0,27170.0,2021-10-03
2021100301012722,KBL,35,19,55,286.0,15730.0,2021-10-03
2021100303017766,LBBL,28,32,10,514.0,5140.0,2021-10-03
2021100301012714,SANIMA,17,48,200,498.0,99600.0,2021-10-03
2021100303017765,GUFL,48,48,4289,799.7,3429913.3,2021-10-03
2021100301012713,SANIMA,8,48,100,498.0,49800.0,2021-10-03
2021100301012712,SANIMA,16,48,100,498.0,49800.0,2021-10-03
2021100303017764,GUFL,36,48,10,799.7,7997.0,2021-10-03
2021100301012711,SANIMA,38,48,123,498.0,61254.0,2021-10-03
2021100303017763,GUFL,52,48,100,800.0,80000.0,2021-10-03
2021100301012710,SANIMA,7,48,100,498.1,49810.0,2021-10-03
2021100303017762,GUFL,45,48,20,800.0,16000.0,2021-10-03
2021100301012709,SANIMA,32,48,20,498.2,9964.0,2021-10-03
2021100303017761,GUFL,42,48,10,800.0,8000.0,2021-10-03
2021100301012708,SANIMA,21,48,100,498.5,49850.0,2021-10-03
2021100303017760,GUFL,21,48,50,800.0,40000.0,2021-10-03
2021100301012707,SANIMA,37,48,20,498.6,9972.0,2021-10-03
2021100303017759,GUFL,6,48,10,800.0,8000.0,2021-10-03
2021100301012706,SANIMA,41,48,50,499.0,24950.0,2021-10-03
2021100303017758,GUFL,59,48,901,800.1,720890.1,2021-10-03
2021100301012705,SANIMA,17,48,30,499.0,14970.0,2021-10-03
2021100303017757,GUFL,14,48,10,800.2,8002.0,2021-10-03
2021100301012704,SANIMA,45,48,40,499.9,19996.0,2021-10-03
2021100303017756,GUFL,42,48,100,800.2,80020.0,2021-10-03
2021100301012703,SANIMA,1,48,70,499.9,34993.0,2021-10-03
2021100303017769,MDB,26,53,15,595.0,8925.0,2021-10-03
2021100303017768,JBBL,39,43,70,460.0,32200.0,2021-10-03
2021100303017767,JBBL,47,43,30,460.1,13803.0,2021-10-03
2021100304017113,SHPC,43,38,1000,447.9,447900.0,2021-10-03
2021100301012721,NBB,38,49,100,428.0,42800.0,2021-10-03
2021100301012720,SANIMA,41,48,10,498.0,4980.0,2021-10-03
2021100301012719,SANIMA,17,48,100,498.0,49800.0,2021-10-03
2021100301012718,SANIMA,35,48,30,498.0,14940.0,2021-10-03
2021100301012717,SANIMA,59,48,100,498.0,49800.0,2021-10-03
2021100301012716,SANIMA,36,48,300,498.0,149400.0,2021-10-03
2021100301012715,SANIMA,14,48,20,498.0,9960.0,2021-10-03
2021100301012702,SANIMA,21,45,20,500.0,10000.0,2021-10-03
2021100303017755,PLI,41,42,17,566.9,9637.3,2021-10-03
2021100303017754,PLI,41,13,100,566.0,56600.0,2021-10-03
2021100303017753,PLI,41,32,10,566.0,5660.0,2021-10-03
2021100303017752,PLI,41,54,50,566.0,28300.0,2021-10-03
2021100303017751,PLI,41,47,10,566.0,5660.0,2021-10-03
2021100301012701,NBL,41,45,50,485.0,24250.0,2021-10-03
2021100301012700,MBL,6,43,50,381.0,19050.0,2021-10-03
2021100301012699,CZBIL,22,7,10,391.0,3910.0,2021-10-03
2021100303017750,GBBL,25,35,200,538.0,107600.0,2021-10-03
2021100301012698,CBL,7,49,100,240.9,24090.0,2021-10-03
2021100301012697,CZBIL,22,45,28,391.0,10948.0,2021-10-03
2021100304017112,PMHPL,45,57,20,288.0,5760.0,2021-10-03
2021100301012696,CZBIL,35,45,72,391.0,28152.0,2021-10-03
2021100304017111,UPPER,6,45,50,595.2,29760.0,2021-10-03
2021100301012695,CBL,35,7,34,241.0,8194.0,2021-10-03
2021100301012694,NBB,29,49,100,428.0,42800.0,2021-10-03
2021100301012693,MEGA,45,29,57,324.5,18496.5,2021-10-03
2021100301012692,MEGA,25,29,30,324.5,9735.0,2021-10-03
2021100301012691,MEGA,34,29,100,324.5,32450.0,2021-10-03
2021100301012690,MEGA,45,29,150,324.5,48675.0,2021-10-03
2021100304017110,LGIL,29,52,100,637.0,63700.0,2021-10-03
2021100304017109,LGIL,42,52,100,637.0,63700.0,2021-10-03
2021100304017108,LGIL,5,52,250,637.0,159250.0,2021-10-03
2021100304017107,PRIN,50,57,50,741.0,37050.0,2021-10-03
2021100303017749,SMFBS,14,32,10,2481.6,24816.0,2021-10-03
2021100303017748,RLFL,33,41,100,487.1,48710.0,2021-10-03
2021100305003692,MKLB,34,43,10,2073.0,20730.0,2021-10-03
2021100301012689,MEGA,3,34,10,324.8,3248.0,2021-10-03
2021100304017106,SICL,14,20,22,1650.0,36300.0,2021-10-03
2021100303017747,HIDCL,48,45,50,308.0,15400.0,2021-10-03
2021100304017105,AKPL,32,16,50,472.0,23600.0,2021-10-03
2021100304017104,NHPC,42,41,500,381.0,190500.0,2021-10-03
2021100303017746,HIDCL,7,45,33,308.0,10164.0,2021-10-03
2021100301012688,SANIMA,1,45,100,500.0,50000.0,2021-10-03
2021100303017745,ICFC,20,34,100,640.0,64000.0,2021-10-03
2021100305003691,JBLB,59,3,50,3884.0,194200.0,2021-10-03
2021100304017103,SHPC,55,38,306,447.9,137057.4,2021-10-03
2021100304017102,SHPC,55,59,119,447.9,53300.1,2021-10-03
2021100303017744,GMFIL,20,32,50,470.0,23500.0,2021-10-03
2021100305003690,MKLB,8,47,10,2071.1,20711.0,2021-10-03
2021100303017743,NLBBL,28,50,10,1254.6,12546.0,2021-10-03
2021100304017101,SPDL,8,21,3210,395.0,1267950.0,2021-10-03
2021100303017742,CIT,8,38,50,3260.0,163000.0,2021-10-03
2021100304017100,UMHL,58,40,213,445.0,94785.0,2021-10-03
2021100303017741,CFCL,45,52,53,490.0,25970.0,2021-10-03
2021100303017740,CFCL,45,16,87,490.0,42630.0,2021-10-03
2021100304017099,API,42,45,180,431.2,77616.0,2021-10-03
2021100303017739,CFCL,45,45,60,485.0,29100.0,2021-10-03
2021100304017098,API,32,45,120,432.0,51840.0,2021-10-03
2021100303017738,PFL,52,42,30,521.0,15630.0,2021-10-03
2021100301012687,NBB,34,49,500,428.0,214000.0,2021-10-03
2021100304017097,SPDL,8,51,290,395.0,114550.0,2021-10-03
2021100304017096,SPDL,45,51,10,395.2,3952.0,2021-10-03
2021100301012686,SCB,32,4,30,523.1,15693.0,2021-10-03
2021100301012685,NICA,58,28,10,844.5,8445.0,2021-10-03
2021100301012684,NICA,6,28,20,844.5,16890.0,2021-10-03
2021100301012683,NICA,39,28,80,844.5,67560.0,2021-10-03
2021100301012682,NICA,47,28,340,844.6,287164.0,2021-10-03
2021100303017737,CORBL,40,33,90,777.0,69930.0,2021-10-03
2021100304017095,RHPC,46,39,119,697.0,82943.0,2021-10-03
2021100303017736,MLBL,3,55,172,529.2,91022.4,2021-10-03
2021100303017735,MLBL,3,28,78,529.2,41277.6,2021-10-03
2021100303017734,MLBL,14,28,50,529.3,26465.0,2021-10-03
2021100303017733,MLBL,38,28,40,530.0,21200.0,2021-10-03
2021100303017732,MLBL,45,22,300,531.5,159450.0,2021-10-03
2021100303017731,HIDCL,45,45,120,308.0,36960.0,2021-10-03
2021100303017730,HIDCL,41,45,10,308.0,3080.0,2021-10-03
2021100303017729,HIDCL,58,45,10,308.0,3080.0,2021-10-03
2021100303017728,HIDCL,38,45,200,308.0,61600.0,2021-10-03
2021100303017727,HIDCL,20,45,80,308.0,24640.0,2021-10-03
2021100304017094,TRH,45,55,10,352.0,3520.0,2021-10-03
2021100303017726,NLICL,26,42,100,938.0,93800.0,2021-10-03
2021100303017725,NLICL,51,42,10,938.0,9380.0,2021-10-03
2021100303017724,NLICL,55,42,10,938.0,9380.0,2021-10-03
2021100301012681,HDL,35,55,20,6403.0,128060.0,2021-10-03
2021100301012680,HDL,50,55,10,6405.0,64050.0,2021-10-03
2021100303017723,KMCDB,48,26,20,1150.1,23002.0,2021-10-03
2021100303017722,KMCDB,16,26,10,1150.2,11502.0,2021-10-03
2021100303017721,SIFC,57,26,10,440.0,4400.0,2021-10-03
2021100303017720,KSBBL,22,8,150,634.0,95100.0,2021-10-03
2021100303017719,MNBBL,57,28,39,654.0,25506.0,2021-10-03
2021100304017093,SHPC,1,59,120,447.9,53748.0,2021-10-03
2021100301012679,PRVU,59,38,40,393.0,15720.0,2021-10-03
2021100301012678,PRVU,59,57,20,392.9,7858.0,2021-10-03
2021100304017092,UMHL,58,34,284,445.0,126380.0,2021-10-03
2021100303017718,GFCL,34,49,100,590.7,59070.0,2021-10-03
2021100301012677,PRVU,59,49,100,392.0,39200.0,2021-10-03
2021100301012676,PRVU,59,45,140,392.0,54880.0,2021-10-03
2021100303017717,NLIC,13,59,16,1591.0,25456.0,2021-10-03
2021100304017091,LEC,37,35,40,345.5,13820.0,2021-10-03
2021100304017090,LEC,37,34,10,344.0,3440.0,2021-10-03
2021100304017089,NHPC,10,54,300,382.0,114600.0,2021-10-03
2021100303017716,NRN,21,32,100,588.0,58800.0,2021-10-03
2021100303017715,GMFIL,58,32,20,471.0,9420.0,2021-10-03
2021100304017088,SHPC,57,59,11,447.9,4926.9,2021-10-03
2021100303017714,GBBL,39,35,94,538.0,50572.0,2021-10-03
2021100303017713,GBBL,39,18,106,537.9,57017.4,2021-10-03
2021100303017712,NFS,17,35,60,500.0,30000.0,2021-10-03
2021100301012675,SBL,6,34,10,472.5,4725.0,2021-10-03
2021100304017087,NEF,19,7,12000,10.85,130200.0,2021-10-03
2021100304017086,NEF,19,7,18576,10.85,201549.6,2021-10-03
2021100303017711,NTC,49,41,10,996.0,9960.0,2021-10-03
2021100301012674,GBIME,49,45,50,401.0,20050.0,2021-10-03
2021100305003689,SLI,14,45,10,515.0,5150.0,2021-10-03
2021100303017710,CIT,35,38,10,3260.0,32600.0,2021-10-03
2021100303017709,JBBL,39,43,71,460.0,32660.0,2021-10-03
2021100303017708,JBBL,57,43,50,460.1,23005.0,2021-10-03
2021100303017707,JBBL,52,43,50,460.1,23005.0,2021-10-03
2021100303017706,JBBL,57,43,50,460.1,23005.0,2021-10-03
2021100303017705,JBBL,32,43,45,460.1,20704.5,2021-10-03
2021100303017704,JBBL,47,43,200,460.2,92040.0,2021-10-03
2021100303017703,JBBL,32,43,34,462.0,15708.0,2021-10-03
2021100301012673,NABIL,58,11,50,1395.5,69775.0,2021-10-03
2021100305003688,MKLB,45,51,20,2071.0,41420.0,2021-10-03
2021100304017085,NICL,50,20,13,744.1,9673.3,2021-10-03
2021100304017084,NHPC,19,54,380,382.0,145160.0,2021-10-03
2021100304017083,NHPC,19,38,120,382.0,45840.0,2021-10-03
2021100303017702,NRIC,21,45,40,1286.0,51440.0,2021-10-03
2021100304017082,AKPL,3,17,30,470.0,14100.0,2021-10-03
2021100303017701,KSBBL,22,17,183,634.0,116022.0,2021-10-03
2021100304017081,AKPL,45,17,200,470.0,94000.0,2021-10-03
2021100304017080,AKPL,59,17,20,470.1,9402.0,2021-10-03
2021100303017700,KSBBL,26,17,117,634.0,74178.0,2021-10-03
2021100304017079,AKPL,4,17,100,471.0,47100.0,2021-10-03
2021100304017078,SHPC,55,59,300,447.9,134370.0,2021-10-03
2021100304017077,SHPC,54,59,100,447.9,44790.0,2021-10-03
2021100304017076,AKPL,58,16,10,472.0,4720.0,2021-10-03
2021100303017699,MFIL,45,55,50,978.0,48900.0,2021-10-03
2021100303017698,MFIL,21,55,30,978.0,29340.0,2021-10-03
2021100303017697,MFIL,10,55,350,978.0,342300.0,2021-10-03
2021100303017696,MFIL,6,55,10,978.0,9780.0,2021-10-03
2021100304017075,RRHP,48,37,330,563.0,185790.0,2021-10-03
2021100304017074,RRHP,48,18,90,562.0,50580.0,2021-10-03
2021100304017073,RRHP,48,34,30,562.0,16860.0,2021-10-03
2021100304017072,RBCL,16,17,30,17000.0,510000.0,2021-10-03
2021100301012672,NBL,6,45,50,485.0,24250.0,2021-10-03
2021100304017071,NGPL,42,49,100,643.0,64300.0,2021-10-03
2021100304017070,CHL,45,45,15,470.5,7057.5,2021-10-03
2021100304017069,CHL,45,45,100,471.0,47100.0,2021-10-03
2021100301012671,CBL,35,7,40,241.0,9640.0,2021-10-03
2021100301012670,NABIL,22,11,30,1395.5,41865.0,2021-10-03
2021100301012669,NBL,52,45,30,485.0,14550.0,2021-10-03
2021100304017068,SPDL,45,13,40,395.2,15808.0,2021-10-03
2021100303017695,HIDCL,20,57,100,308.0,30800.0,2021-10-03
2021100303017694,GRDBL,34,55,200,362.0,72400.0,2021-10-03
2021100303017693,GRDBL,34,42,65,362.0,23530.0,2021-10-03
2021100303017692,GRDBL,34,6,50,362.0,18100.0,2021-10-03
2021100303017691,GRDBL,34,14,100,361.9,36190.0,2021-10-03
2021100304017067,CMF1,42,34,500,10.1,5050.0,2021-10-03
2021100303017690,GRDBL,34,26,50,360.0,18000.0,2021-10-03
2021100303017689,GRDBL,34,54,30,357.0,10710.0,2021-10-03
2021100303017688,PROFL,58,58,115,342.0,39330.0,2021-10-03
2021100303017687,PROFL,58,58,85,342.0,29070.0,2021-10-03
2021100303017686,CIT,38,32,108,3260.0,352080.0,2021-10-03
2021100303017685,CIT,38,38,30,3260.0,97800.0,2021-10-03
2021100303017684,NLIC,13,51,20,1591.0,31820.0,2021-10-03
2021100304017066,UMHL,58,56,40,445.0,17800.0,2021-10-03
2021100303017683,SHINE,8,50,30,426.0,12780.0,2021-10-03
2021100303017682,SHINE,6,50,500,428.0,214000.0,2021-10-03
2021100303017681,SHINE,41,50,100,428.0,42800.0,2021-10-03
2021100303017680,SHINE,59,50,10,428.0,4280.0,2021-10-03
2021100303017679,SHINE,55,50,60,429.0,25740.0,2021-10-03
2021100303017678,SHINE,40,50,200,429.1,85820.0,2021-10-03
2021100303017677,SHINE,17,50,100,430.0,43000.0,2021-10-03
2021100301012668,HDL,35,44,10,6403.0,64030.0,2021-10-03
2021100303017676,SAPDBL,21,45,30,345.0,10350.0,2021-10-03
2021100301012667,SHIVM,14,7,34,1350.0,45900.0,2021-10-03
2021100304017065,UMHL,58,8,100,445.0,44500.0,2021-10-03
2021100304017064,IGI,25,35,10,962.0,9620.0,2021-10-03
2021100304017063,BARUN,47,55,20,412.1,8242.0,2021-10-03
2021100301012666,BOKL,34,45,100,335.5,33550.0,2021-10-03
2021100301012665,PRVU,36,45,60,392.0,23520.0,2021-10-03
2021100304017062,BPCL,42,38,15,478.0,7170.0,2021-10-03
2021100303017675,CIT,32,39,10,3257.0,32570.0,2021-10-03
2021100303017674,SMFBS,14,49,10,2433.7,24337.0,2021-10-03
2021100303017673,SMFBS,14,58,10,2433.0,24330.0,2021-10-03
2021100301012664,CCBL,34,49,100,240.0,24000.0,2021-10-03
2021100303017672,SLICL,4,4,1,745.0,745.0,2021-10-03
2021100301012663,MEGA,58,41,70,325.0,22750.0,2021-10-03
2021100301012662,MEGA,58,48,30,324.8,9744.0,2021-10-03
2021100304017061,IGI,58,35,40,962.0,38480.0,2021-10-03
2021100301012661,ADBL,6,58,70,498.0,34860.0,2021-10-03
2021100304017060,AIL,38,59,10,675.1,6751.0,2021-10-03
2021100301012660,SHIVM,21,7,12,1350.0,16200.0,2021-10-03
2021100304017059,AHPC,21,7,500,432.0,216000.0,2021-10-03
2021100301012659,SHIVM,42,7,29,1350.0,39150.0,2021-10-03
2021100301012658,SHIVM,41,7,20,1350.0,27000.0,2021-10-03
2021100301012657,SHIVM,41,7,50,1350.0,67500.0,2021-10-03
2021100301012656,SHIVM,41,7,50,1350.0,67500.0,2021-10-03
2021100301012655,SHIVM,32,7,100,1350.1,135010.0,2021-10-03
2021100301012654,SHIVM,34,7,100,1350.2,135020.0,2021-10-03
2021100301012653,SHIVM,28,7,10,1350.2,13502.0,2021-10-03
2021100301012652,SHIVM,41,7,40,1351.0,54040.0,2021-10-03
2021100304017058,UMHL,58,45,100,445.0,44500.0,2021-10-03
2021100303017671,NICLBSL,58,42,10,1260.1,12601.0,2021-10-03
2021100304017057,SHPC,5,38,50,448.0,22400.0,2021-10-03
2021100301012651,PRVU,43,48,20,392.0,7840.0,2021-10-03
2021100303017670,PLIC,26,57,45,812.0,36540.0,2021-10-03
2021100304017056,UMRH,57,58,10,510.0,5100.0,2021-10-03
2021100303017669,PLIC,41,57,55,812.5,44687.5,2021-10-03
2021100301012650,NBL,38,45,50,485.0,24250.0,2021-10-03
2021100304017055,CHCL,52,51,10,544.0,5440.0,2021-10-03
2021100304017054,CHCL,3,51,10,544.5,5445.0,2021-10-03
2021100301012649,NBL,44,45,10,485.0,4850.0,2021-10-03
2021100304017053,CGH,1,46,28,1251.0,35028.0,2021-10-03
2021100304017052,CGH,13,46,12,1251.0,15012.0,2021-10-03
2021100304017051,CGH,14,46,30,1251.0,37530.0,2021-10-03
2021100304017050,CGH,6,46,15,1252.0,18780.0,2021-10-03
2021100304017049,CGH,41,46,15,1252.0,18780.0,2021-10-03
2021100303017668,NIFRA,21,58,140,335.0,46900.0,2021-10-03
2021100303017667,NIFRA,21,49,60,335.0,20100.0,2021-10-03
2021100303017666,NIFRA,21,22,20,335.0,6700.0,2021-10-03
2021100303017665,NIFRA,21,45,40,335.0,13400.0,2021-10-03
2021100303017664,NIFRA,21,38,40,335.0,13400.0,2021-10-03
2021100304017048,UPCL,33,21,100,370.0,37000.0,2021-10-03
2021100303017663,NLIC,13,57,100,1591.0,159100.0,2021-10-03
2021100301012648,MBL,49,25,10,380.5,3805.0,2021-10-03
2021100303017662,BFC,19,49,60,391.1,23466.0,2021-10-03
2021100301012647,PCBL,45,19,125,465.5,58187.5,2021-10-03
2021100303017661,GFCL,35,49,100,590.7,59070.0,2021-10-03
2021100304017047,NHPC,42,32,30,381.0,11430.0,2021-10-03
2021100304017046,SHPC,43,38,50,448.0,22400.0,2021-10-03
2021100303017660,MFIL,52,45,50,980.0,49000.0,2021-10-03
2021100304017045,RRHP,35,18,10,562.0,5620.0,2021-10-03
2021100303017659,NIFRA,41,38,10,335.0,3350.0,2021-10-03
2021100303017658,NIFRA,41,34,50,335.0,16750.0,2021-10-03
2021100303017657,NIFRA,41,52,10,335.0,3350.0,2021-10-03
2021100303017656,NIFRA,41,45,30,334.2,10026.0,2021-10-03
2021100304017044,API,32,34,30,432.0,12960.0,2021-10-03
2021100305003687,ULI,43,58,10,553.3,5533.0,2021-10-03
2021100304017043,CGH,41,38,10,1252.0,12520.0,2021-10-03
2021100303017655,ICFC,58,13,10,642.0,6420.0,2021-10-03
2021100303017654,PROFL,59,25,15,343.0,5145.0,2021-10-03
2021100304017042,PMHPL,38,55,770,286.5,220605.0,2021-10-03
2021100304017041,PMHPL,11,55,10,287.0,2870.0,2021-10-03
2021100304017040,PMHPL,47,55,20,287.0,5740.0,2021-10-03
2021100301012646,NCCB,18,48,100,292.5,29250.0,2021-10-03
2021100301012645,GBIME,56,45,211,401.0,84611.0,2021-10-03
2021100301012644,CCBL,41,49,50,240.0,12000.0,2021-10-03
2021100303017653,NLIC,13,25,20,1591.0,31820.0,2021-10-03
2021100301012643,CZBIL,35,13,78,391.0,30498.0,2021-10-03
2021100301012642,CZBIL,49,13,45,391.0,17595.0,2021-10-03
2021100301012641,CZBIL,49,13,22,391.0,8602.0,2021-10-03
2021100301012640,CZBIL,57,13,130,391.0,50830.0,2021-10-03
2021100301012639,CZBIL,38,13,50,391.0,19550.0,2021-10-03
2021100301012638,CZBIL,19,13,100,391.0,39100.0,2021-10-03
2021100301012637,CZBIL,6,13,50,391.0,19550.0,2021-10-03
2021100301012636,CZBIL,22,13,25,391.2,9780.0,2021-10-03
2021100304017039,CHCL,42,45,50,545.0,27250.0,2021-10-03
2021100303017652,EDBL,58,22,70,558.0,39060.0,2021-10-03
2021100304017038,RHPC,33,5,700,698.0,488600.0,2021-10-03
2021100301012635,HDL,48,46,30,6403.0,192090.0,2021-10-03
2021100301012634,MEGA,45,57,350,324.5,113575.0,2021-10-03
2021100304017037,UPCL,34,21,60,370.0,22200.0,2021-10-03
2021100304017036,NHPC,42,47,1198,376.0,450448.0,2021-10-03
2021100304017035,NHPC,45,47,200,376.0,75200.0,2021-10-03
2021100304017034,NHPC,55,47,10,376.4,3764.0,2021-10-03
2021100304017033,NHPC,8,47,110,377.0,41470.0,2021-10-03
2021100304017032,NHPC,57,47,10,377.0,3770.0,2021-10-03
2021100304017031,NHPC,14,47,100,377.0,37700.0,2021-10-03
2021100304017030,NHPC,45,47,20,378.0,7560.0,2021-10-03
2021100304017029,NHPC,42,47,5000,378.0,1890000.0,2021-10-03
2021100304017028,NHPC,44,47,500,378.0,189000.0,2021-10-03
2021100304017027,NHPC,38,47,10,379.0,3790.0,2021-10-03
2021100304017026,NHPC,42,47,2842,379.0,1077118.0,2021-10-03
2021100303017651,PLIC,41,26,34,812.5,27625.0,2021-10-03
2021100303017650,NIFRA,21,45,20,334.2,6684.0,2021-10-03
2021100303017649,HIDCL,20,39,200,308.0,61600.0,2021-10-03
2021100301012633,NMB,17,29,200,403.0,80600.0,2021-10-03
2021100301012632,CCBL,22,49,30,240.0,7200.0,2021-10-03
2021100301012631,CCBL,17,49,475,240.0,114000.0,2021-10-03
2021100301012630,PRVU,45,45,25,391.2,9780.0,2021-10-03
2021100301012629,PRVU,3,45,100,391.2,39120.0,2021-10-03
2021100305003686,MKLB,45,45,50,2071.0,103550.0,2021-10-03
2021100301012628,PRVU,58,45,20,391.3,7826.0,2021-10-03
2021100301012627,PRVU,8,45,65,391.4,25441.0,2021-10-03
2021100304017025,NHPC,45,32,70,381.0,26670.0,2021-10-03
2021100301012626,PRVU,45,45,20,391.9,7838.0,2021-10-03
2021100304017024,SHPC,1,38,50,448.0,22400.0,2021-10-03
2021100303017648,HIDCL,20,5,50,308.0,15400.0,2021-10-03
2021100304017023,JOSHI,57,16,20,299.1,5982.0,2021-10-03
2021100303017647,NLIC,58,38,25,1591.1,39777.5,2021-10-03
2021100304017022,UMHL,58,50,100,445.0,44500.0,2021-10-03
2021100301012625,PRVU,58,48,14,392.0,5488.0,2021-10-03
2021100304017021,UMHL,51,50,150,445.0,66750.0,2021-10-03
2021100304017020,AKPL,54,26,300,474.0,142200.0,2021-10-03
2021100304017019,AKPL,54,53,100,473.0,47300.0,2021-10-03
2021100304017018,AKPL,54,34,100,473.0,47300.0,2021-10-03
2021100304017017,API,42,19,61,431.1,26297.1,2021-10-03
2021100304017016,API,58,19,15,431.1,6466.5,2021-10-03
2021100304017015,API,49,19,24,431.1,10346.4,2021-10-03
2021100304017014,API,45,19,50,432.0,21600.0,2021-10-03
2021100304017013,API,49,19,50,432.0,21600.0,2021-10-03
2021100303017646,JBBL,32,35,16,462.0,7392.0,2021-10-03
2021100304017012,SJCL,36,1,20,340.0,6800.0,2021-10-03
2021100301012624,CZBIL,22,7,10,391.2,3912.0,2021-10-03
2021100304017011,GIMES1,38,45,1000,19.55,19550.0,2021-10-03
2021100301012623,NBB,17,49,700,428.0,299600.0,2021-10-03
2021100304017010,RHPL,36,45,44,340.0,14960.0,2021-10-03
2021100303017645,MSLB,49,33,10,1840.0,18400.0,2021-10-03
2021100301012622,NBB,13,49,20,428.0,8560.0,2021-10-03
2021100304017009,RHPL,52,45,50,340.0,17000.0,2021-10-03
2021100303017644,CFCL,38,45,10,489.9,4899.0,2021-10-03
2021100304017008,RHPL,41,45,12,340.0,4080.0,2021-10-03
2021100303017643,FMDBL,47,45,120,869.0,104280.0,2021-10-03
2021100304017007,RHPL,54,45,434,340.0,147560.0,2021-10-03
2021100303017642,FMDBL,29,45,75,869.0,65175.0,2021-10-03
2021100304017006,RHPL,26,45,100,340.1,34010.0,2021-10-03
2021100303017641,FMDBL,32,45,55,869.0,47795.0,2021-10-03
2021100304017005,RHPL,49,45,60,340.1,20406.0,2021-10-03
2021100301012621,CCBL,17,42,525,240.0,126000.0,2021-10-03
2021100301012620,CCBL,52,42,100,240.0,24000.0,2021-10-03
2021100301012619,CCBL,34,42,60,240.0,14400.0,2021-10-03
2021100304017004,HDHPC,29,38,50,294.0,14700.0,2021-10-03
2021100301012618,CCBL,7,42,33,240.0,7920.0,2021-10-03
2021100301012617,CCBL,32,42,50,240.0,12000.0,2021-10-03
2021100301012616,CCBL,58,42,12,240.0,2880.0,2021-10-03
2021100301012615,CCBL,4,42,10,240.0,2400.0,2021-10-03
2021100301012614,CCBL,35,42,50,240.0,12000.0,2021-10-03
2021100301012613,CCBL,34,42,40,240.0,9600.0,2021-10-03
2021100301012612,CCBL,57,42,100,240.0,24000.0,2021-10-03
2021100301012611,CCBL,58,42,20,240.0,4800.0,2021-10-03
2021100303017640,FOWAD,42,34,20,2500.0,50000.0,2021-10-03
2021100301012610,NCCB,18,22,52,292.5,15210.0,2021-10-03
2021100304017003,UPCL,33,43,410,369.3,151413.0,2021-10-03
2021100304017002,UPCL,58,43,30,369.5,11085.0,2021-10-03
2021100304017001,UPCL,56,43,60,369.5,22170.0,2021-10-03
2021100303017639,LBBL,55,39,10,510.0,5100.0,2021-10-03
2021100303017638,LBBL,11,39,90,510.0,45900.0,2021-10-03
2021100303017637,NABBC,57,58,10,749.0,7490.0,2021-10-03
2021100304017000,NICL,41,20,10,745.0,7450.0,2021-10-03
2021100304016999,NICL,41,28,40,745.0,29800.0,2021-10-03
2021100305003685,SLI,46,58,10,515.0,5150.0,2021-10-03
2021100304016998,SSHL,54,40,30,323.2,9696.0,2021-10-03
2021100304016997,SSHL,54,38,80,323.1,25848.0,2021-10-03
2021100304016996,NEF,19,47,800,10.85,8680.0,2021-10-03
2021100301012609,KBL,10,19,10,286.0,2860.0,2021-10-03
2021100301012608,CZBIL,22,45,15,391.1,5866.5,2021-10-03
2021100304016995,HURJA,55,17,45,398.1,17914.5,2021-10-03
2021100304016994,HURJA,56,17,300,398.2,119460.0,2021-10-03
2021100305003684,MKLB,45,17,10,2071.0,20710.0,2021-10-03
2021100304016993,HURJA,41,17,25,398.3,9957.5,2021-10-03
2021100304016992,HURJA,47,17,150,400.0,60000.0,2021-10-03
2021100303017636,BFC,19,6,450,391.1,175995.0,2021-10-03
2021100301012607,KBL,6,19,35,286.0,10010.0,2021-10-03
2021100301012606,KBL,6,51,15,286.0,4290.0,2021-10-03
2021100303017635,BFC,29,6,50,392.4,19620.0,2021-10-03
2021100303017634,NUBL,39,55,20,1398.0,27960.0,2021-10-03
2021100304016991,PICL,41,1,52,625.1,32505.2,2021-10-03
2021100301012605,CBL,35,7,40,241.0,9640.0,2021-10-03
2021100303017633,BFC,29,51,15,393.0,5895.0,2021-10-03
2021100301012604,SBL,42,51,55,472.0,25960.0,2021-10-03
2021100303017632,CORBL,40,43,10,777.0,7770.0,2021-10-03
2021100303017631,ICFC,13,22,30,644.0,19320.0,2021-10-03
2021100303017630,SLBBL,39,41,70,1465.0,102550.0,2021-10-03
2021100303017629,SLBBL,39,21,50,1465.0,73250.0,2021-10-03
2021100301012603,CCBL,58,57,20,240.0,4800.0,2021-10-03
2021100303017628,SLBBL,39,25,10,1464.0,14640.0,2021-10-03
2021100303017627,SLBBL,39,6,15,1464.0,21960.0,2021-10-03
2021100301012602,CCBL,58,57,20,240.0,4800.0,2021-10-03
2021100301012601,CCBL,42,57,10,240.0,2400.0,2021-10-03
2021100301012600,CCBL,21,57,50,240.0,12000.0,2021-10-03
2021100304016990,SHPC,14,38,130,448.0,58240.0,2021-10-03
2021100304016989,SHPC,59,38,500,448.0,224000.0,2021-10-03
2021100304016988,SHPC,50,38,405,448.0,181440.0,2021-10-03
2021100304016987,PMHPL,28,57,100,288.0,28800.0,2021-10-03
2021100301012599,SBL,47,51,10,472.0,4720.0,2021-10-03
2021100303017626,NLIC,46,45,17,1592.0,27064.0,2021-10-03
2021100303017625,NLIC,46,37,33,1591.6,52522.8,2021-10-03
2021100303017624,SLICL,29,32,51,747.0,38097.0,2021-10-03
2021100303017623,SLICL,45,32,149,747.0,111303.0,2021-10-03
2021100301012598,NABIL,8,57,55,1395.0,76725.0,2021-10-03
2021100303017622,CFCL,38,17,10,489.9,4899.0,2021-10-03
2021100301012597,NABIL,43,57,75,1395.0,104625.0,2021-10-03
2021100301012596,NABIL,58,57,10,1395.0,13950.0,2021-10-03
2021100301012595,NABIL,58,57,40,1395.0,55800.0,2021-10-03
2021100301012594,NABIL,21,57,20,1395.0,27900.0,2021-10-03
2021100301012593,NBL,41,45,50,485.0,24250.0,2021-10-03
2021100304016986,UPPER,6,55,45,596.0,26820.0,2021-10-03
2021100304016985,GHL,35,49,25,327.1,8177.5,2021-10-03
2021100303017621,SWBBL,34,49,25,1570.0,39250.0,2021-10-03
2021100303017620,JBBL,22,35,184,462.0,85008.0,2021-10-03
2021100303017619,JBBL,22,19,50,462.0,23100.0,2021-10-03
2021100303017618,JBBL,22,1,45,462.0,20790.0,2021-10-03
2021100303017617,JBBL,22,28,16,460.5,7368.0,2021-10-03
2021100304016984,SHPC,43,51,100,449.0,44900.0,2021-10-03
2021100303017616,JFL,22,34,20,516.0,10320.0,2021-10-03
2021100301012592,SCB,36,34,68,523.0,35564.0,2021-10-03
2021100303017615,BFC,38,51,20,393.0,7860.0,2021-10-03
2021100303017614,LLBS,58,32,10,1800.0,18000.0,2021-10-03
2021100304016983,PMHPL,59,57,20,288.0,5760.0,2021-10-03
2021100304016982,SGI,50,51,10,562.0,5620.0,2021-10-03
2021100304016981,UMHL,51,58,50,445.0,22250.0,2021-10-03
2021100303017613,GFCL,41,10,400,590.0,236000.0,2021-10-03
2021100301012591,PRVU,58,48,30,392.0,11760.0,2021-10-03
2021100301012590,PRVU,49,48,30,392.0,11760.0,2021-10-03
2021100301012589,PRVU,3,48,15,392.0,5880.0,2021-10-03
2021100301012588,PRVU,36,48,100,392.0,39200.0,2021-10-03
2021100301012587,PRVU,1,48,89,392.0,34888.0,2021-10-03
2021100304016980,UMHL,55,58,50,445.0,22250.0,2021-10-03
2021100303017612,RLI,55,25,10,510.0,5100.0,2021-10-03
2021100301012586,CZBIL,17,45,15,391.0,5865.0,2021-10-03
2021100301012585,NBL,34,45,15,485.0,7275.0,2021-10-03
2021100301012584,NBL,38,45,42,485.0,20370.0,2021-10-03
2021100301012583,NBL,49,45,30,485.0,14550.0,2021-10-03
2021100301012582,NBL,44,45,580,485.0,281300.0,2021-10-03
2021100304016979,AHPC,28,48,100,432.0,43200.0,2021-10-03
2021100304016978,HDHPC,51,38,50,294.9,14745.0,2021-10-03
2021100304016977,GHL,8,48,89,326.6,29067.4,2021-10-03
2021100303017611,SMFDB,21,32,30,1261.0,37830.0,2021-10-03
2021100303017610,SMFDB,36,32,10,1262.0,12620.0,2021-10-03
2021100301012581,NCCB,17,16,270,293.0,79110.0,2021-10-03
2021100301012580,NCCB,17,17,30,292.9,8787.0,2021-10-03
2021100301012579,PCBL,51,57,68,465.0,31620.0,2021-10-03
2021100301012578,PCBL,41,57,10,465.0,4650.0,2021-10-03
2021100301012577,PCBL,32,57,90,465.0,41850.0,2021-10-03
2021100301012576,PCBL,22,57,125,465.1,58137.5,2021-10-03
2021100301012575,PCBL,57,57,10,465.1,4651.0,2021-10-03
2021100301012574,PCBL,57,57,10,465.1,4651.0,2021-10-03
2021100301012573,PCBL,34,57,87,465.1,40463.7,2021-10-03
2021100301012572,PCBL,34,57,100,465.5,46550.0,2021-10-03
2021100304016976,API,6,38,647,433.0,280151.0,2021-10-03
2021100304016975,API,6,8,100,433.0,43300.0,2021-10-03
2021100304016974,API,6,52,221,433.0,95693.0,2021-10-03
2021100304016973,API,6,48,32,432.0,13824.0,2021-10-03
2021100303017609,GFCL,49,49,300,590.7,177210.0,2021-10-03
2021100304016972,RBCL,49,42,10,17000.0,170000.0,2021-10-03
2021100301012571,GBIME,35,45,18,401.0,7218.0,2021-10-03
2021100303017608,ICFC,58,13,50,642.0,32100.0,2021-10-03
2021100303017607,NICLBSL,48,39,90,1260.1,113409.0,2021-10-03
2021100303017606,SAPDBL,47,53,71,343.0,24353.0,2021-10-03
2021100303017605,SAPDBL,43,53,29,343.0,9947.0,2021-10-03
2021100303017604,ICFC,53,22,40,644.0,25760.0,2021-10-03
2021100303017603,GMFIL,34,21,10,476.5,4765.0,2021-10-03
2021100303017602,GMFIL,34,32,420,471.0,197820.0,2021-10-03
2021100303017601,ICFC,58,22,10,644.0,6440.0,2021-10-03
2021100303017600,ICFC,58,22,10,644.0,6440.0,2021-10-03
2021100301012570,MEGA,14,38,63,324.3,20430.9,2021-10-03
2021100303017599,NIFRA,21,58,38,334.0,12692.0,2021-10-03
2021100301012569,MEGA,26,38,37,324.5,12006.5,2021-10-03
2021100303017598,NIFRA,51,58,100,334.0,33400.0,2021-10-03
2021100303017597,NIFRA,35,58,500,334.0,167000.0,2021-10-03
2021100303017596,NIFRA,48,58,72,334.2,24062.4,2021-10-03
2021100304016971,NHPC,42,47,2158,379.0,817882.0,2021-10-03
2021100304016970,NHPC,41,47,600,379.0,227400.0,2021-10-03
2021100304016969,NHPC,52,47,1000,379.0,379000.0,2021-10-03
2021100304016968,NHPC,38,47,500,379.0,189500.0,2021-10-03
2021100304016967,NHPC,52,47,1000,379.4,379400.0,2021-10-03
2021100304016966,NHPC,36,47,50,379.4,18970.0,2021-10-03
2021100304016965,NHPC,28,47,500,379.4,189700.0,2021-10-03
2021100304016964,NHPC,34,47,400,379.4,151760.0,2021-10-03
2021100304016963,NHPC,47,47,300,380.0,114000.0,2021-10-03
2021100304016962,NHPC,42,47,300,380.0,114000.0,2021-10-03
2021100304016961,NHPC,58,47,50,380.0,19000.0,2021-10-03
2021100304016960,NHPC,29,47,10,380.0,3800.0,2021-10-03
2021100304016959,NHPC,57,47,50,380.0,19000.0,2021-10-03
2021100304016958,NHPC,6,47,100,380.0,38000.0,2021-10-03
2021100304016957,NHPC,57,47,50,380.0,19000.0,2021-10-03
2021100304016956,NHPC,49,47,200,380.0,76000.0,2021-10-03
2021100304016955,NHPC,57,47,100,380.0,38000.0,2021-10-03
2021100304016954,NHPC,42,47,100,380.0,38000.0,2021-10-03
2021100304016953,NHPC,57,47,100,380.0,38000.0,2021-10-03
2021100304016952,NHPC,34,47,100,380.0,38000.0,2021-10-03
2021100304016951,NHPC,45,47,10,380.0,3800.0,2021-10-03
2021100304016950,NHPC,45,47,100,380.0,38000.0,2021-10-03
2021100304016949,NHPC,14,47,200,380.0,76000.0,2021-10-03
2021100304016948,NHPC,35,47,10,380.0,3800.0,2021-10-03
2021100304016947,NHPC,21,47,100,380.0,38000.0,2021-10-03
2021100304016946,NHPC,38,47,20,380.0,7600.0,2021-10-03
2021100304016945,NHPC,45,47,200,380.0,76000.0,2021-10-03
2021100304016944,NHPC,57,47,30,380.0,11400.0,2021-10-03
2021100304016943,NHPC,25,47,200,380.0,76000.0,2021-10-03
2021100304016942,NHPC,34,47,278,380.1,105667.8,2021-10-03
2021100304016941,NHPC,6,47,50,380.3,19015.0,2021-10-03
2021100304016940,NHPC,29,47,100,380.3,38030.0,2021-10-03
2021100304016939,NHPC,58,47,10,380.4,3804.0,2021-10-03
2021100304016938,NHPC,34,47,250,381.0,95250.0,2021-10-03
2021100304016937,NHPC,26,47,774,381.0,294894.0,2021-10-03
2021100303017595,KSBBL,26,19,133,634.0,84322.0,2021-10-03
2021100303017594,KSBBL,51,19,67,634.0,42478.0,2021-10-03
2021100304016936,RHPC,33,44,1300,698.0,907400.0,2021-10-03
2021100304016935,RHPC,49,44,500,698.0,349000.0,2021-10-03
2021100304016934,RHPC,29,44,200,698.2,139640.0,2021-10-03
2021100305003683,JBLB,45,17,10,3883.0,38830.0,2021-10-03
2021100304016933,CHCL,41,55,10,544.0,5440.0,2021-10-03
2021100304016932,CHCL,34,55,100,544.0,54400.0,2021-10-03
2021100304016931,CHCL,45,55,100,544.0,54400.0,2021-10-03
2021100304016930,CHCL,39,55,747,544.0,406368.0,2021-10-03
2021100304016929,EIC,25,48,30,620.0,18600.0,2021-10-03
2021100304016928,EIC,25,13,50,620.0,31000.0,2021-10-03
2021100303017593,MFIL,25,45,30,980.0,29400.0,2021-10-03
2021100303017592,JBBL,42,28,35,460.5,16117.5,2021-10-03
2021100303017591,JBBL,54,28,25,460.5,11512.5,2021-10-03
2021100303017590,JBBL,13,28,24,461.0,11064.0,2021-10-03
2021100303017589,BFC,42,51,40,393.0,15720.0,2021-10-03
2021100301012568,KBL,35,51,10,286.0,2860.0,2021-10-03
2021100303017588,LBBL,11,14,210,510.0,107100.0,2021-10-03
2021100304016927,NHPC,26,41,50,381.0,19050.0,2021-10-03
2021100303017587,NTC,25,41,50,996.0,49800.0,2021-10-03
2021100305003682,JBLB,45,38,10,3883.0,38830.0,2021-10-03
2021100301012567,NBB,38,50,100,429.0,42900.0,2021-10-03
2021100304016926,JOSHI,58,32,30,300.0,9000.0,2021-10-03
2021100304016925,JOSHI,58,59,10,300.0,3000.0,2021-10-03
2021100304016924,JOSHI,58,32,100,300.0,30000.0,2021-10-03
2021100304016923,JOSHI,58,32,50,300.0,15000.0,2021-10-03
2021100303017586,HIDCL,20,58,10,308.0,3080.0,2021-10-03
2021100301012566,SANIMA,16,59,30,499.0,14970.0,2021-10-03
2021100301012565,SANIMA,34,59,813,499.0,405687.0,2021-10-03
2021100303017585,HIDCL,20,59,210,308.0,64680.0,2021-10-03
2021100303017584,HIDCL,20,56,50,308.0,15400.0,2021-10-03
2021100303017583,HIDCL,20,56,50,308.0,15400.0,2021-10-03
2021100303017582,HIDCL,20,56,50,308.0,15400.0,2021-10-03
2021100303017581,HIDCL,20,6,61,308.0,18788.0,2021-10-03
2021100303017580,HIDCL,20,58,100,308.0,30800.0,2021-10-03
2021100303017579,HIDCL,20,25,359,308.0,110572.0,2021-10-03
2021100303017578,SFCL,43,47,60,415.0,24900.0,2021-10-03
2021100303017577,SFCL,58,47,26,415.0,10790.0,2021-10-03
2021100303017576,SFCL,32,47,150,416.0,62400.0,2021-10-03
2021100303017575,SFCL,35,47,90,416.0,37440.0,2021-10-03
2021100301012564,GBIME,55,1,17,400.5,6808.5,2021-10-03
2021100303017574,HIDCL,19,25,50,308.0,15400.0,2021-10-03
2021100303017573,SHINE,55,50,40,429.0,17160.0,2021-10-03
2021100303017572,SHINE,32,50,100,429.0,42900.0,2021-10-03
2021100303017571,SHINE,13,50,150,429.0,64350.0,2021-10-03
2021100303017570,SHINE,57,50,30,429.0,12870.0,2021-10-03
2021100304016922,PMHPL,47,50,180,287.0,51660.0,2021-10-03
2021100303017569,SHINE,4,50,30,429.0,12870.0,2021-10-03
2021100304016921,PMHPL,25,50,20,287.1,5742.0,2021-10-03
2021100303017568,SHINE,40,50,150,430.0,64500.0,2021-10-03
2021100303017567,SMFBS,14,58,20,2433.0,48660.0,2021-10-03
2021100304016920,SSHL,17,38,150,323.1,48465.0,2021-10-03
2021100303017566,BFC,8,51,100,393.0,39300.0,2021-10-03
2021100303017565,NIFRA,48,55,10,334.2,3342.0,2021-10-03
2021100303017564,NIFRA,49,55,40,334.8,13392.0,2021-10-03
2021100304016919,NHPC,26,45,376,381.0,143256.0,2021-10-03
2021100304016918,NHPC,21,45,500,381.0,190500.0,2021-10-03
2021100304016917,NHPC,42,45,124,381.0,47244.0,2021-10-03
2021100303017563,CIT,14,22,50,3256.0,162800.0,2021-10-03
2021100305003681,JBLB,26,58,10,3890.0,38900.0,2021-10-03
2021100303017562,PFL,52,45,35,520.6,18221.0,2021-10-03
2021100304016916,SIC,44,13,20,1180.0,23600.0,2021-10-03
2021100303017561,CHDC,5,57,1500,790.0,1185000.0,2021-10-03
2021100303017560,CHDC,47,57,20,790.0,15800.0,2021-10-03
2021100303017559,CHDC,49,57,70,791.0,55370.0,2021-10-03
2021100303017558,CHDC,34,57,10,806.8,8068.0,2021-10-03
2021100303017557,MLBL,38,58,10,530.0,5300.0,2021-10-03
2021100304016915,SHPC,58,51,10,449.0,4490.0,2021-10-03
2021100304016914,SHPC,50,20,95,448.0,42560.0,2021-10-03
2021100304016913,SHPC,36,20,100,448.0,44800.0,2021-10-03
2021100304016912,SHPC,50,20,20,448.0,8960.0,2021-10-03
2021100304016911,SHPC,7,20,285,448.0,127680.0,2021-10-03
2021100304016910,AHPC,58,48,15,432.0,6480.0,2021-10-03
2021100304016909,AHPC,38,48,50,432.0,21600.0,2021-10-03
2021100304016908,AHPC,35,48,35,432.0,15120.0,2021-10-03
2021100304016907,UPCL,57,21,70,370.0,25900.0,2021-10-03
2021100304016906,UPCL,57,22,30,370.0,11100.0,2021-10-03
2021100304016905,AKPL,59,17,50,470.1,23505.0,2021-10-03
2021100304016904,API,29,48,100,432.0,43200.0,2021-10-03
2021100303017556,LBBL,11,46,200,510.0,102000.0,2021-10-03
2021100301012563,SRBL,34,45,150,307.0,46050.0,2021-10-03
2021100301012562,SRBL,34,39,100,307.0,30700.0,2021-10-03
2021100301012561,SRBL,34,6,400,306.0,122400.0,2021-10-03
2021100304016903,AKPL,34,56,10,473.0,4730.0,2021-10-03
2021100301012560,PCBL,34,38,100,465.1,46510.0,2021-10-03
2021100304016902,SSHL,54,38,270,323.1,87237.0,2021-10-03
2021100303017555,GFCL,41,28,200,590.0,118000.0,2021-10-03
2021100305003680,MKLB,42,44,10,2071.1,20711.0,2021-10-03
2021100304016901,SPDL,32,21,970,394.1,382277.0,2021-10-03
2021100304016900,SPDL,44,21,100,395.0,39500.0,2021-10-03
2021100304016899,SPDL,16,21,100,395.0,39500.0,2021-10-03
2021100304016898,SPDL,58,21,10,395.0,3950.0,2021-10-03
2021100304016897,SPDL,40,21,20,395.0,7900.0,2021-10-03
2021100304016896,SPDL,55,21,100,395.1,39510.0,2021-10-03
2021100303017554,MNBBL,42,45,10,656.1,6561.0,2021-10-03
2021100303017553,SAPDBL,59,45,70,345.0,24150.0,2021-10-03
2021100301012559,HDL,35,55,35,6400.0,224000.0,2021-10-03
2021100303017552,MPFL,6,49,50,439.2,21960.0,2021-10-03
2021100303017551,BFC,42,51,60,393.0,23580.0,2021-10-03
2021100301012558,CBL,35,7,40,241.0,9640.0,2021-10-03
2021100303017550,SFCL,35,25,150,416.0,62400.0,2021-10-03
2021100301012557,KBL,35,51,50,286.0,14300.0,2021-10-03
2021100303017549,HIDCL,16,25,500,308.0,154000.0,2021-10-03
2021100305003679,JBLB,22,34,10,3884.0,38840.0,2021-10-03
2021100304016895,UMHL,48,4,216,444.1,95925.6,2021-10-03
2021100304016894,UMHL,38,4,50,444.1,22205.0,2021-10-03
2021100304016893,UMHL,4,4,10,444.5,4445.0,2021-10-03
2021100303017548,MDB,17,41,93,588.0,54684.0,2021-10-03
2021100304016892,UMHL,50,4,24,445.0,10680.0,2021-10-03
2021100303017547,MDB,42,41,50,588.1,29405.0,2021-10-03
2021100304016891,UMHL,26,4,200,445.1,89020.0,2021-10-03
2021100303017546,SIFC,38,26,901,438.0,394638.0,2021-10-03
2021100304016890,HDHPC,51,38,150,294.9,44235.0,2021-10-03
2021100304016889,API,32,48,50,432.0,21600.0,2021-10-03
2021100301012556,NCCB,6,17,20,292.9,5858.0,2021-10-03
2021100301012555,SRBL,32,6,50,306.0,15300.0,2021-10-03
2021100301012554,SRBL,6,6,30,306.0,9180.0,2021-10-03
2021100303017545,BFC,6,51,50,393.0,19650.0,2021-10-03
2021100301012553,SRBL,43,6,20,306.0,6120.0,2021-10-03
2021100304016888,SHL,45,38,100,228.0,22800.0,2021-10-03
2021100304016887,NICL,56,28,100,745.0,74500.0,2021-10-03
2021100304016886,NICL,52,28,10,745.0,7450.0,2021-10-03
2021100303017544,CLBSL,42,42,23,1285.0,29555.0,2021-10-03
2021100304016885,RHPL,49,35,40,340.1,13604.0,2021-10-03
2021100304016884,UPCL,56,34,100,369.5,36950.0,2021-10-03
2021100303017543,RLFL,58,20,50,489.0,24450.0,2021-10-03
2021100303017542,RLFL,58,20,50,488.0,24400.0,2021-10-03
2021100303017541,MLBSL,13,47,10,4130.0,41300.0,2021-10-03
2021100304016883,RHPC,14,43,50,699.0,34950.0,2021-10-03
2021100304016882,UMHL,50,17,276,445.0,122820.0,2021-10-03
2021100304016881,UMHL,1,17,100,445.0,44500.0,2021-10-03
2021100304016880,UMHL,44,17,200,445.0,89000.0,2021-10-03
2021100304016879,UMHL,35,17,200,445.0,89000.0,2021-10-03
2021100304016878,UMHL,29,17,100,445.0,44500.0,2021-10-03
2021100304016877,UMHL,52,17,100,445.0,44500.0,2021-10-03
2021100304016876,UMHL,58,17,10,445.0,4450.0,2021-10-03
2021100304016875,UMHL,21,17,100,445.0,44500.0,2021-10-03
2021100304016874,UMHL,41,17,500,445.0,222500.0,2021-10-03
2021100304016873,UMHL,25,17,200,445.1,89020.0,2021-10-03
2021100304016872,UMHL,25,17,48,445.1,21364.8,2021-10-03
2021100301012552,MEGA,26,45,45,324.5,14602.5,2021-10-03
2021100301012551,MEGA,6,45,30,324.8,9744.0,2021-10-03
2021100303017540,HIDCL,42,25,100,308.0,30800.0,2021-10-03
2021100301012550,SCB,36,52,110,523.0,57530.0,2021-10-03
2021100301012549,SCB,57,52,25,523.1,13077.5,2021-10-03
2021100301012548,SCB,32,52,367,523.1,191977.7,2021-10-03
2021100303017539,CIT,14,39,10,3256.0,32560.0,2021-10-03
2021100305003678,ULI,43,57,10,553.3,5533.0,2021-10-03
2021100304016871,AKJCL,47,57,20,300.0,6000.0,2021-10-03
2021100303017538,SIFC,57,26,10,438.0,4380.0,2021-10-03
2021100303017537,SKBBL,41,50,25,1625.0,40625.0,2021-10-03
2021100303017536,CORBL,40,38,17,777.0,13209.0,2021-10-03
2021100303017535,CIT,58,28,10,3260.0,32600.0,2021-10-03
2021100303017534,CIT,58,42,10,3257.0,32570.0,2021-10-03
2021100301012547,CZBIL,17,58,45,391.0,17595.0,2021-10-03
2021100303017533,MLBL,48,58,90,530.3,47727.0,2021-10-03
2021100303017532,RLFL,17,20,300,488.0,146400.0,2021-10-03
2021100303017531,RLFL,53,20,100,488.0,48800.0,2021-10-03
2021100303017530,RLFL,34,20,100,488.0,48800.0,2021-10-03
2021100304016870,API,28,48,50,432.0,21600.0,2021-10-03
2021100303017529,KSBBL,51,37,33,634.0,20922.0,2021-10-03
2021100303017528,KSBBL,56,37,25,634.0,15850.0,2021-10-03
