contract,symbol,buyer,seller,qty,rate,amt,date
2021102105001288,JBLB,39,16,10,4302,43020,2021-10-21
2021102105001287,JBLB,39,51,10,4302,43020,2021-10-21
2021102105001284,JBLB,58,34,50,4301,215050,2021-10-21
2021102105000789,JBLB,7,41,10,4330,43300,2021-10-21
2021102105000798,JBLB,43,34,10,4330,43300,2021-10-21
2021102105000805,JBLB,29,49,10,4340,43400,2021-10-21
2021102105000814,JBLB,7,57,80,4330,346400,2021-10-21
2021102105000810,JBLB,7,49,10,4330,43300,2021-10-21
2021102105000821,JBLB,39,33,10,4325,43250,2021-10-21
2021102105000820,JBLB,43,33,10,4325,43250,2021-10-21
2021102105000816,JBLB,43,36,10,4325,43250,2021-10-21
2021102105000833,JBLB,35,29,10,4320,43200,2021-10-21
2021102105000830,JBLB,43,36,10,4320,43200,2021-10-21
2021102105000828,JBLB,36,53,20,4325,86500,2021-10-21
2021102105000827,JBLB,39,53,80,4325,346000,2021-10-21
2021102105000825,JBLB,39,6,10,4325,43250,2021-10-21
2021102105000839,JBLB,6,41,10,4315,43150,2021-10-21
2021102105000854,JBLB,45,51,10,4312.5,43125,2021-10-21
2021102105000852,JBLB,45,57,10,4312.5,43125,2021-10-21
2021102105000848,JBLB,45,14,10,4312.5,43125,2021-10-21
2021102105000860,JBLB,41,57,20,4311,86220,2021-10-21
2021102105000858,JBLB,45,28,30,4312.5,129375,2021-10-21
2021102105000869,JBLB,41,42,40,4311,172440,2021-10-21
2021102105000866,JBLB,41,52,20,4311,86220,2021-10-21
2021102105000865,JBLB,41,16,10,4311,43110,2021-10-21
2021102105000878,JBLB,58,48,10,4307,43070,2021-10-21
2021102105000874,JBLB,57,28,30,4312,129360,2021-10-21
2021102105000873,JBLB,58,41,40,4307,172280,2021-10-21
2021102105000872,JBLB,56,4,10,4310,43100,2021-10-21
2021102105000871,JBLB,56,42,10,4310,43100,2021-10-21
2021102105000892,JBLB,3,49,10,4310,43100,2021-10-21
2021102105000891,JBLB,3,5,10,4310,43100,2021-10-21
2021102105000888,JBLB,44,22,10,4307.1,43071,2021-10-21
2021102105000884,JBLB,44,33,20,4307.1,86142,2021-10-21
2021102105000883,JBLB,44,42,10,4307.1,43071,2021-10-21
2021102105000897,JBLB,45,56,10,4306.1,43061,2021-10-21
2021102105000896,JBLB,59,52,39,4307,167973,2021-10-21
2021102105000895,JBLB,58,52,330,4307,1421310,2021-10-21
2021102105000894,JBLB,44,42,10,4307.1,43071,2021-10-21
2021102105000893,JBLB,3,19,80,4310,344800,2021-10-21
2021102105000918,JBLB,58,25,10,4305,43050,2021-10-21
2021102105000904,JBLB,3,57,30,4306,129180,2021-10-21
2021102105000926,JBLB,20,38,10,4304,43040,2021-10-21
2021102105000920,JBLB,58,36,30,4305,129150,2021-10-21
2021102105000936,JBLB,28,16,10,4307,43070,2021-10-21
2021102105000935,JBLB,28,52,41,4307,176587,2021-10-21
2021102105000933,JBLB,41,41,10,4302,43020,2021-10-21
2021102105000930,JBLB,28,52,240,4307,1033680,2021-10-21
2021102105000929,JBLB,28,36,60,4305,258300,2021-10-21
2021102105000956,JBLB,48,29,30,4307,129210,2021-10-21
2021102105000950,JBLB,48,7,10,4307,43070,2021-10-21
2021102105000948,JBLB,48,49,10,4307,43070,2021-10-21
2021102105000994,JBLB,58,26,10,4300,43000,2021-10-21
2021102105000989,JBLB,58,33,10,4300.1,43001,2021-10-21
2021102105000988,JBLB,26,33,10,4302,43020,2021-10-21
2021102105000996,JBLB,34,41,10,4305,43050,2021-10-21
2021102105001020,JBLB,44,19,20,4310,86200,2021-10-21
2021102105001029,JBLB,44,39,10,4305,43050,2021-10-21
2021102105001026,JBLB,59,14,10,4301.5,43015,2021-10-21
2021102105001025,JBLB,40,14,90,4302,387180,2021-10-21
2021102105001024,JBLB,59,38,10,4301.5,43015,2021-10-21
2021102105001021,JBLB,58,6,10,4301,43010,2021-10-21
2021102105001037,JBLB,40,35,10,4315,43150,2021-10-21
2021102105001036,JBLB,40,4,10,4312.5,43125,2021-10-21
2021102105001033,JBLB,16,39,10,4302,43020,2021-10-21
2021102105001030,JBLB,44,39,10,4305,43050,2021-10-21
2021102105001044,JBLB,59,6,10,4310,43100,2021-10-21
2021102105001041,JBLB,40,56,40,4336,173440,2021-10-21
2021102105001040,JBLB,40,49,10,4320,43200,2021-10-21
2021102105001039,JBLB,40,41,10,4320,43200,2021-10-21
2021102105001038,JBLB,40,16,10,4315,43150,2021-10-21
2021102105001052,JBLB,58,26,10,4306,43060,2021-10-21
2021102105001050,JBLB,35,4,10,4305,43050,2021-10-21
2021102105001049,JBLB,45,5,10,4310,43100,2021-10-21
2021102105001056,JBLB,35,32,10,4305,43050,2021-10-21
2021102105001055,JBLB,35,13,10,4305,43050,2021-10-21
2021102105001067,JBLB,16,49,10,4306,43060,2021-10-21
2021102105001062,JBLB,41,58,10,4306,43060,2021-10-21
2021102105001076,JBLB,35,19,20,4310,86200,2021-10-21
2021102105001075,JBLB,6,29,10,4307,43070,2021-10-21
2021102105001073,JBLB,6,3,10,4307,43070,2021-10-21
2021102105001072,JBLB,14,19,10,4310,43100,2021-10-21
2021102105001071,JBLB,14,29,10,4310,43100,2021-10-21
2021102105001083,JBLB,42,19,10,4310,43100,2021-10-21
2021102105001082,JBLB,35,19,50,4310,215500,2021-10-21
2021102105001077,JBLB,26,19,10,4310,43100,2021-10-21
2021102105001093,JBLB,58,41,10,4302.1,43021,2021-10-21
2021102105001091,JBLB,45,37,10,4310,43100,2021-10-21
2021102105001090,JBLB,42,41,10,4310,43100,2021-10-21
2021102105001100,JBLB,7,34,20,4302,86040,2021-10-21
2021102105001097,JBLB,35,37,60,4310,258600,2021-10-21
2021102105001109,JBLB,58,19,50,4301,215050,2021-10-21
2021102105001108,JBLB,59,19,30,4301.5,129045,2021-10-21
2021102105001107,JBLB,45,19,20,4302,86040,2021-10-21
2021102105001106,JBLB,59,21,10,4302.1,43021,2021-10-21
2021102105001123,JBLB,58,38,20,4300,86000,2021-10-21
2021102105001113,JBLB,58,38,40,4301,172040,2021-10-21
2021102105001129,JBLB,58,38,10,4300,43000,2021-10-21
2021102105001127,JBLB,58,21,10,4300,43000,2021-10-21
2021102105001126,JBLB,58,21,10,4300,43000,2021-10-21
2021102105001125,JBLB,39,41,10,4301,43010,2021-10-21
2021102105001124,JBLB,58,26,30,4300,129000,2021-10-21
2021102105001145,JBLB,35,57,10,4300,43000,2021-10-21
2021102105001142,JBLB,35,57,20,4300,86000,2021-10-21
2021102105001141,JBLB,4,57,20,4300,86000,2021-10-21
2021102105001140,JBLB,35,57,10,4300,43000,2021-10-21
2021102105001139,JBLB,34,33,10,4300,43000,2021-10-21
2021102105001153,JBLB,54,1,10,4305,43050,2021-10-21
2021102105001152,JBLB,14,8,10,4300,43000,2021-10-21
2021102105001151,JBLB,14,45,10,4300,43000,2021-10-21
2021102105001160,JBLB,14,22,10,4300,43000,2021-10-21
2021102105001157,JBLB,14,40,10,4300,43000,2021-10-21
2021102105001155,JBLB,21,17,10,4301,43010,2021-10-21
2021102105001168,JBLB,58,56,30,4329,129870,2021-10-21
2021102105001167,JBLB,58,35,10,4315,43150,2021-10-21
2021102105001166,JBLB,58,26,10,4301,43010,2021-10-21
2021102105001165,JBLB,58,7,10,4301,43010,2021-10-21
2021102105001164,JBLB,14,26,40,4300,172000,2021-10-21
2021102105001171,JBLB,58,36,10,4302,43020,2021-10-21
2021102105001186,JBLB,58,35,10,4302.1,43021,2021-10-21
2021102105001196,JBLB,54,36,10,4302,43020,2021-10-21
2021102105001195,JBLB,42,21,20,4302,86040,2021-10-21
2021102105001194,JBLB,50,58,10,4302,43020,2021-10-21
2021102105001191,JBLB,50,52,10,4302,43020,2021-10-21
2021102105001209,JBLB,35,56,10,4302,43020,2021-10-21
2021102105001200,JBLB,54,1,10,4302,43020,2021-10-21
2021102105001232,JBLB,35,48,10,4302,43020,2021-10-21
2021102105001231,JBLB,35,29,10,4302,43020,2021-10-21
2021102105001244,JBLB,22,38,50,4310,215500,2021-10-21
2021102105001239,JBLB,35,38,10,4302,43020,2021-10-21
2021102105001238,JBLB,35,17,10,4302,43020,2021-10-21
2021102105001237,JBLB,35,58,10,4302,43020,2021-10-21
2021102105001257,JBLB,58,38,10,4310,43100,2021-10-21
2021102105001256,JBLB,35,41,10,4302,43020,2021-10-21
2021102105001253,JBLB,35,36,10,4302,43020,2021-10-21
2021102105001260,JBLB,54,36,10,4302,43020,2021-10-21
2021102105001259,JBLB,54,34,10,4302,43020,2021-10-21
2021102105001258,JBLB,35,34,20,4302,86040,2021-10-21
2021102105001273,JBLB,54,34,10,4302,43020,2021-10-21
2021102105001281,JBLB,59,14,10,4305,43050,2021-10-21
2021102105001280,JBLB,58,53,10,4301,43010,2021-10-21
2021102105001279,JBLB,57,53,10,4302,43020,2021-10-21
2021102105001278,JBLB,57,17,10,4302,43020,2021-10-21
2021102105001277,JBLB,57,44,20,4302,86040,2021-10-21
2021102105001275,JBLB,58,38,20,4301,86020,2021-10-21
2021102105001282,MKLB,50,47,10,1670,16700,2021-10-21
2021102105001270,MKLB,7,45,10,1670,16700,2021-10-21
2021102105001264,MKLB,28,54,10,1675,16750,2021-10-21
2021102105001236,MKLB,10,56,20,1660,33200,2021-10-21
2021102105001235,MKLB,7,56,10,1678,16780,2021-10-21
2021102105001222,MKLB,10,14,10,1660,16600,2021-10-21
2021102105000834,MKLB,46,59,10,1666,16660,2021-10-21
2021102105000829,MKLB,35,45,40,1667,66680,2021-10-21
2021102105000795,MKLB,3,42,10,1666,16660,2021-10-21
2021102105000900,MKLB,36,45,10,1663.1,16631,2021-10-21
2021102105000890,MKLB,40,45,25,1665,41625,2021-10-21
2021102105000841,MKLB,54,45,10,1667,16670,2021-10-21
2021102105000837,MKLB,25,59,30,1664,49920,2021-10-21
2021102105000836,MKLB,46,59,20,1665,33300,2021-10-21
2021102105000835,MKLB,55,59,10,1665,16650,2021-10-21
2021102105000912,MKLB,55,45,15,1661.2,24918,2021-10-21
2021102105000911,MKLB,21,45,10,1661.2,16612,2021-10-21
2021102105000910,MKLB,32,45,10,1662,16620,2021-10-21
2021102105000909,MKLB,54,45,30,1662,49860,2021-10-21
2021102105000908,MKLB,55,45,20,1662,33240,2021-10-21
2021102105000907,MKLB,36,45,10,1662.1,16621,2021-10-21
2021102105000924,MKLB,14,57,10,1660.9,16609,2021-10-21
2021102105000917,MKLB,28,45,300,1661,498300,2021-10-21
2021102105000916,MKLB,44,45,20,1661,33220,2021-10-21
2021102105000915,MKLB,55,45,100,1661,166100,2021-10-21
2021102105000914,MKLB,14,45,10,1661,16610,2021-10-21
2021102105000913,MKLB,14,45,50,1661.1,83055,2021-10-21
2021102105000941,MKLB,45,45,20,1660,33200,2021-10-21
2021102105000940,MKLB,57,45,10,1660.1,16601,2021-10-21
2021102105000939,MKLB,7,45,10,1660.4,16604,2021-10-21
2021102105000938,MKLB,21,45,10,1660.5,16605,2021-10-21
2021102105000937,MKLB,14,45,20,1660.6,33212,2021-10-21
2021102105000932,MKLB,14,43,10,1660.6,16606,2021-10-21
2021102105000953,MKLB,36,45,10,1660.1,16601,2021-10-21
2021102105000952,MKLB,1,45,20,1660.1,33202,2021-10-21
2021102105000945,MKLB,36,58,10,1660.7,16607,2021-10-21
2021102105000944,MKLB,46,45,10,1661,16610,2021-10-21
2021102105000943,MKLB,58,45,20,1660,33200,2021-10-21
2021102105000942,MKLB,6,45,10,1660,16600,2021-10-21
2021102105001087,MKLB,36,35,10,1653.2,16532,2021-10-21
2021102105001060,MKLB,1,35,20,1655,33100,2021-10-21
2021102105000998,MKLB,57,46,10,1655,16550,2021-10-21
2021102105000997,MKLB,21,46,20,1655,33100,2021-10-21
2021102105000995,MKLB,36,45,10,1655.1,16551,2021-10-21
2021102105000954,MKLB,58,45,90,1660,149400,2021-10-21
2021102105001134,MKLB,36,45,10,1653.2,16532,2021-10-21
2021102105001133,MKLB,1,45,30,1653.5,49605,2021-10-21
2021102105001132,MKLB,36,45,10,1653.6,16536,2021-10-21
2021102105001131,MKLB,38,45,10,1654,16540,2021-10-21
2021102105001119,MKLB,36,35,10,1653.6,16536,2021-10-21
2021102105001114,MKLB,36,33,10,1653.6,16536,2021-10-21
2021102105001154,MKLB,36,45,30,1653,49590,2021-10-21
2021102105001147,MKLB,38,45,20,1653,33060,2021-10-21
2021102105001143,MKLB,43,45,10,1653,16530,2021-10-21
2021102105001137,MKLB,21,45,20,1653,33060,2021-10-21
2021102105001136,MKLB,59,45,50,1653,82650,2021-10-21
2021102105001135,MKLB,36,45,20,1653.1,33062,2021-10-21
2021102105001208,MKLB,46,47,10,1660,16600,2021-10-21
2021102105001205,MKLB,17,41,10,1664,16640,2021-10-21
2021102105001201,MKLB,46,57,10,1660,16600,2021-10-21
2021102105001188,MKLB,17,54,20,1660,33200,2021-10-21
2021102105001178,MKLB,10,14,10,1652.5,16525,2021-10-21
2021102105001174,MKLB,36,36,10,1652.1,16521,2021-10-21
2021102105001286,SLI,13,58,10,514,5140,2021-10-21
2021102105001285,SLI,13,50,10,514,5140,2021-10-21
2021102105001283,SLI,13,59,10,514,5140,2021-10-21
2021102105000790,SLI,51,53,10,515,5150,2021-10-21
2021102105000800,SLI,8,57,10,516,5160,2021-10-21
2021102105000797,SLI,51,8,10,515,5150,2021-10-21
2021102105000796,SLI,51,38,10,515,5150,2021-10-21
2021102105000794,SLI,21,49,66,517,34122,2021-10-21
2021102105000793,SLI,21,6,10,515.5,5155,2021-10-21
2021102105000807,SLI,41,34,20,515.5,10310,2021-10-21
2021102105000804,SLI,13,42,10,515,5150,2021-10-21
2021102105000803,SLI,13,49,14,515,7210,2021-10-21
2021102105000802,SLI,51,49,100,515,51500,2021-10-21
2021102105000801,SLI,51,49,130,515,66950,2021-10-21
2021102105000813,SLI,13,13,10,515,5150,2021-10-21
2021102105000812,SLI,13,38,10,515,5150,2021-10-21
2021102105000811,SLI,13,34,10,515,5150,2021-10-21
2021102105000808,SLI,13,34,30,515,15450,2021-10-21
2021102105000823,SLI,16,13,10,516,5160,2021-10-21
2021102105000819,SLI,16,36,10,516,5160,2021-10-21
2021102105000818,SLI,34,38,10,515,5150,2021-10-21
2021102105000832,SLI,16,6,10,516,5160,2021-10-21
2021102105000844,SLI,4,58,10,518,5180,2021-10-21
2021102105000843,SLI,4,7,10,517,5170,2021-10-21
2021102105000842,SLI,4,43,10,517,5170,2021-10-21
2021102105000840,SLI,16,19,10,516,5160,2021-10-21
2021102105000838,SLI,16,6,10,516,5160,2021-10-21
2021102105000849,SLI,16,16,10,516,5160,2021-10-21
2021102105000846,SLI,4,29,10,518,5180,2021-10-21
2021102105000845,SLI,4,25,10,518,5180,2021-10-21
2021102105000859,SLI,16,39,10,516,5160,2021-10-21
2021102105000857,SLI,16,17,10,516,5160,2021-10-21
2021102105000856,SLI,16,58,10,516,5160,2021-10-21
2021102105000855,SLI,16,58,10,516,5160,2021-10-21
2021102105000867,SLI,16,19,10,516,5160,2021-10-21
2021102105000863,SLI,16,20,10,516,5160,2021-10-21
2021102105000862,SLI,16,32,10,516,5160,2021-10-21
2021102105000877,SLI,16,49,10,516,5160,2021-10-21
2021102105000880,SLI,16,34,10,516,5160,2021-10-21
2021102105000898,SLI,32,41,10,517,5170,2021-10-21
2021102105000903,SLI,16,58,10,516,5160,2021-10-21
2021102105000902,SLI,16,58,10,516,5160,2021-10-21
2021102105000901,SLI,16,45,10,516,5160,2021-10-21
2021102105000899,SLI,32,38,10,517,5170,2021-10-21
2021102105000927,SLI,16,57,10,516,5160,2021-10-21
2021102105000925,SLI,16,25,10,516,5160,2021-10-21
2021102105000921,SLI,16,51,10,516,5160,2021-10-21
2021102105000919,SLI,16,49,10,516,5160,2021-10-21
2021102105000934,SLI,16,52,10,516,5160,2021-10-21
2021102105000958,SLI,16,20,10,516,5160,2021-10-21
2021102105000951,SLI,16,7,10,516,5160,2021-10-21
2021102105000946,SLI,16,58,10,516,5160,2021-10-21
2021102105000990,SLI,16,14,10,516,5160,2021-10-21
2021102105000987,SLI,16,21,10,516,5160,2021-10-21
2021102105000985,SLI,16,29,10,516,5160,2021-10-21
2021102105001009,SLI,49,45,10,516.1,5161,2021-10-21
2021102105001008,SLI,48,14,10,517,5170,2021-10-21
2021102105001003,SLI,49,6,10,516.1,5161,2021-10-21
2021102105001001,SLI,49,57,10,516.1,5161,2021-10-21
2021102105001000,SLI,49,38,10,516.1,5161,2021-10-21
2021102105001019,SLI,19,57,10,516,5160,2021-10-21
2021102105001018,SLI,19,40,10,516,5160,2021-10-21
2021102105001016,SLI,19,38,10,516,5160,2021-10-21
2021102105001014,SLI,16,59,10,516,5160,2021-10-21
2021102105001010,SLI,49,58,10,516.1,5161,2021-10-21
2021102105001023,SLI,19,58,10,516,5160,2021-10-21
2021102105001034,SLI,19,58,10,516,5160,2021-10-21
2021102105001031,SLI,19,58,10,516,5160,2021-10-21
2021102105001043,SLI,19,57,10,516,5160,2021-10-21
2021102105001047,SLI,34,58,20,516.5,10330,2021-10-21
2021102105001046,SLI,34,58,10,516.5,5165,2021-10-21
2021102105001045,SLI,19,54,10,516,5160,2021-10-21
2021102105001058,SLI,19,51,10,516,5160,2021-10-21
2021102105001057,SLI,19,10,10,516,5160,2021-10-21
2021102105001054,SLI,19,16,10,516,5160,2021-10-21
2021102105001053,SLI,19,49,10,516,5160,2021-10-21
2021102105001069,SLI,19,58,10,516,5160,2021-10-21
2021102105001068,SLI,19,34,100,516,51600,2021-10-21
2021102105001065,SLI,19,34,10,516,5160,2021-10-21
2021102105001059,SLI,19,7,10,516,5160,2021-10-21
2021102105001070,SLI,19,56,10,516,5160,2021-10-21
2021102105001081,SLI,33,38,10,517,5170,2021-10-21
2021102105001080,SLI,33,21,10,517,5170,2021-10-21
2021102105001079,SLI,19,58,10,516,5160,2021-10-21
2021102105001094,SLI,33,4,10,517,5170,2021-10-21
2021102105001086,SLI,33,29,10,517,5170,2021-10-21
2021102105001084,SLI,33,45,10,517,5170,2021-10-21
2021102105001101,SLI,33,14,10,517,5170,2021-10-21
2021102105001099,SLI,33,58,10,517,5170,2021-10-21
2021102105001098,SLI,33,21,10,517,5170,2021-10-21
2021102105001096,SLI,25,38,10,517.9,5179,2021-10-21
2021102105001105,SLI,33,32,40,517,20680,2021-10-21
2021102105001103,SLI,33,32,10,517,5170,2021-10-21
2021102105001120,SLI,33,35,10,517.1,5171,2021-10-21
2021102105001118,SLI,33,32,15,517,7755,2021-10-21
2021102105001111,SLI,19,17,10,516,5160,2021-10-21
2021102105001110,SLI,19,29,50,516,25800,2021-10-21
2021102105001138,SLI,33,52,10,517.1,5171,2021-10-21
2021102105001146,SLI,57,51,10,517,5170,2021-10-21
2021102105001150,SLI,19,41,10,516,5160,2021-10-21
2021102105001149,SLI,57,21,10,517,5170,2021-10-21
2021102105001148,SLI,57,8,10,517,5170,2021-10-21
2021102105001161,SLI,50,40,10,517,5170,2021-10-21
2021102105001158,SLI,50,58,10,517,5170,2021-10-21
2021102105001156,SLI,50,51,10,517,5170,2021-10-21
2021102105001162,SLI,50,21,10,517,5170,2021-10-21
2021102105001176,SLI,19,6,10,516,5160,2021-10-21
2021102105001175,SLI,19,36,10,516,5160,2021-10-21
2021102105001173,SLI,19,16,10,516,5160,2021-10-21
2021102105001172,SLI,19,45,100,516,51600,2021-10-21
2021102105001170,SLI,19,41,10,516,5160,2021-10-21
2021102105001187,SLI,54,34,10,515,5150,2021-10-21
2021102105001185,SLI,54,38,10,515,5150,2021-10-21
2021102105001184,SLI,54,6,10,515,5150,2021-10-21
2021102105001181,SLI,19,54,10,516,5160,2021-10-21
2021102105001179,SLI,19,21,10,516,5160,2021-10-21
2021102105001193,SLI,54,1,10,515,5150,2021-10-21
2021102105001190,SLI,54,54,10,515,5150,2021-10-21
2021102105001210,SLI,48,22,10,514.5,5145,2021-10-21
2021102105001203,SLI,48,45,10,514.5,5145,2021-10-21
2021102105001202,SLI,48,25,10,514.5,5145,2021-10-21
2021102105001198,SLI,58,38,10,514.5,5145,2021-10-21
2021102105001225,SLI,48,41,10,514.5,5145,2021-10-21
2021102105001224,SLI,48,21,10,514.5,5145,2021-10-21
2021102105001220,SLI,48,57,10,514.5,5145,2021-10-21
2021102105001213,SLI,34,57,10,515,5150,2021-10-21
2021102105001212,SLI,34,48,10,515,5150,2021-10-21
2021102105001211,SLI,48,54,10,514.5,5145,2021-10-21
2021102105001234,SLI,57,47,10,514,5140,2021-10-21
2021102105001230,SLI,42,29,20,516,10320,2021-10-21
2021102105001229,SLI,57,50,70,514,35980,2021-10-21
2021102105001228,SLI,48,50,30,514.5,15435,2021-10-21
2021102105001243,SLI,57,58,10,514,5140,2021-10-21
2021102105001241,SLI,57,1,10,514,5140,2021-10-21
2021102105001251,SLI,13,17,10,516,5160,2021-10-21
2021102105001250,SLI,13,56,10,516,5160,2021-10-21
2021102105001249,SLI,13,34,10,516,5160,2021-10-21
2021102105001248,SLI,13,29,50,516,25800,2021-10-21
2021102105001247,SLI,45,38,10,514,5140,2021-10-21
2021102105001246,SLI,38,47,10,514,5140,2021-10-21
2021102105001255,SLI,45,57,50,514,25700,2021-10-21
2021102105001254,SLI,45,21,10,514,5140,2021-10-21
2021102105001252,SLI,45,1,10,514,5140,2021-10-21
2021102105001263,SLI,57,38,20,513.1,10262,2021-10-21
2021102105001262,SLI,55,52,10,514,5140,2021-10-21
2021102105001261,SLI,55,57,10,514,5140,2021-10-21
2021102105001269,SLI,13,38,10,514,5140,2021-10-21
2021102105001268,SLI,13,52,10,514,5140,2021-10-21
2021102105001267,SLI,13,47,10,514,5140,2021-10-21
2021102105001266,SLI,13,41,10,514,5140,2021-10-21
2021102105001265,SLI,22,7,10,513.1,5131,2021-10-21
2021102105001276,ULI,43,8,10,570,5700,2021-10-21
2021102105001274,ULI,49,56,10,568.5,5685,2021-10-21
2021102105001272,ULI,49,36,10,568.5,5685,2021-10-21
2021102105001271,ULI,49,38,10,568.5,5685,2021-10-21
2021102105001245,ULI,38,4,10,568.1,5681,2021-10-21
2021102105001242,ULI,6,36,10,568,5680,2021-10-21
2021102105000799,ULI,54,28,10,565,5650,2021-10-21
2021102105000792,ULI,54,36,10,565,5650,2021-10-21
2021102105000791,ULI,54,19,10,565,5650,2021-10-21
2021102105000824,ULI,56,58,10,563,5630,2021-10-21
2021102105000822,ULI,56,45,10,563,5630,2021-10-21
2021102105000817,ULI,56,28,10,563,5630,2021-10-21
2021102105000815,ULI,56,13,10,563,5630,2021-10-21
2021102105000809,ULI,49,58,10,562.6,5626,2021-10-21
2021102105000806,ULI,54,6,10,565,5650,2021-10-21
2021102105000853,ULI,49,16,10,563.4,5634,2021-10-21
2021102105000851,ULI,55,58,10,565,5650,2021-10-21
2021102105000850,ULI,55,58,10,565,5650,2021-10-21
2021102105000847,ULI,6,58,10,563.1,5631,2021-10-21
2021102105000831,ULI,56,41,10,563,5630,2021-10-21
2021102105000826,ULI,56,1,10,563,5630,2021-10-21
2021102105000876,ULI,49,34,10,563.4,5634,2021-10-21
2021102105000875,ULI,49,58,10,563.4,5634,2021-10-21
2021102105000870,ULI,34,45,100,565,56500,2021-10-21
2021102105000868,ULI,49,20,10,563.4,5634,2021-10-21
2021102105000864,ULI,49,39,10,563.4,5634,2021-10-21
2021102105000861,ULI,55,17,10,565,5650,2021-10-21
2021102105000887,ULI,38,51,10,563.6,5636,2021-10-21
2021102105000886,ULI,38,58,10,563.6,5636,2021-10-21
2021102105000885,ULI,6,29,10,563.5,5635,2021-10-21
2021102105000882,ULI,45,42,10,563.3,5633,2021-10-21
2021102105000881,ULI,45,8,10,563.3,5633,2021-10-21
2021102105000879,ULI,45,58,10,563.3,5633,2021-10-21
2021102105000928,ULI,55,6,10,565,5650,2021-10-21
2021102105000923,ULI,38,34,10,563.6,5636,2021-10-21
2021102105000922,ULI,38,49,10,563.6,5636,2021-10-21
2021102105000906,ULI,38,45,10,563.6,5636,2021-10-21
2021102105000905,ULI,38,38,10,563.6,5636,2021-10-21
2021102105000889,ULI,38,45,10,563.6,5636,2021-10-21
2021102105000959,ULI,49,58,10,565,5650,2021-10-21
2021102105000957,ULI,45,58,10,564,5640,2021-10-21
2021102105000955,ULI,45,8,10,564,5640,2021-10-21
2021102105000949,ULI,58,41,10,565,5650,2021-10-21
2021102105000947,ULI,58,45,10,565,5650,2021-10-21
2021102105000931,ULI,45,58,10,564,5640,2021-10-21
2021102105000965,ULI,6,4,10,570,5700,2021-10-21
2021102105000964,ULI,6,4,10,570,5700,2021-10-21
2021102105000963,ULI,6,25,10,569,5690,2021-10-21
2021102105000962,ULI,6,3,110,569,62590,2021-10-21
2021102105000961,ULI,6,34,10,568,5680,2021-10-21
2021102105000960,ULI,6,14,10,568,5680,2021-10-21
2021102105000971,ULI,6,1,10,570,5700,2021-10-21
2021102105000970,ULI,6,57,10,570,5700,2021-10-21
2021102105000969,ULI,6,38,10,570,5700,2021-10-21
2021102105000968,ULI,6,34,10,570,5700,2021-10-21
2021102105000967,ULI,6,36,10,570,5700,2021-10-21
2021102105000966,ULI,6,39,10,570,5700,2021-10-21
2021102105000977,ULI,6,26,10,570,5700,2021-10-21
2021102105000976,ULI,6,58,10,570,5700,2021-10-21
2021102105000975,ULI,6,53,30,570,17100,2021-10-21
2021102105000974,ULI,6,49,10,570,5700,2021-10-21
2021102105000973,ULI,6,29,10,570,5700,2021-10-21
2021102105000972,ULI,6,51,10,570,5700,2021-10-21
2021102105000983,ULI,6,45,10,570,5700,2021-10-21
2021102105000982,ULI,6,22,10,570,5700,2021-10-21
2021102105000981,ULI,6,38,25,570,14250,2021-10-21
2021102105000980,ULI,6,42,10,570,5700,2021-10-21
2021102105000979,ULI,6,41,35,570,19950,2021-10-21
2021102105000978,ULI,6,35,10,570,5700,2021-10-21
2021102105000999,ULI,6,38,10,570,5700,2021-10-21
2021102105000993,ULI,6,6,10,570,5700,2021-10-21
2021102105000992,ULI,6,58,10,570,5700,2021-10-21
2021102105000991,ULI,6,58,10,570,5700,2021-10-21
2021102105000986,ULI,6,13,10,570,5700,2021-10-21
2021102105000984,ULI,6,7,10,570,5700,2021-10-21
2021102105001011,ULI,6,48,10,570,5700,2021-10-21
2021102105001007,ULI,6,38,10,570,5700,2021-10-21
2021102105001006,ULI,6,45,10,570,5700,2021-10-21
2021102105001005,ULI,6,45,10,570,5700,2021-10-21
2021102105001004,ULI,6,58,10,570,5700,2021-10-21
2021102105001002,ULI,6,26,10,570,5700,2021-10-21
2021102105001027,ULI,38,58,10,570,5700,2021-10-21
2021102105001022,ULI,48,41,10,570,5700,2021-10-21
2021102105001017,ULI,6,10,10,570,5700,2021-10-21
2021102105001015,ULI,6,58,10,570,5700,2021-10-21
2021102105001013,ULI,6,38,10,570,5700,2021-10-21
2021102105001012,ULI,6,13,10,570,5700,2021-10-21
2021102105001051,ULI,45,58,10,570,5700,2021-10-21
2021102105001048,ULI,38,42,10,570,5700,2021-10-21
2021102105001042,ULI,38,1,10,570,5700,2021-10-21
2021102105001035,ULI,14,16,10,571,5710,2021-10-21
2021102105001032,ULI,38,58,10,570,5700,2021-10-21
2021102105001028,ULI,38,41,10,570,5700,2021-10-21
2021102105001078,ULI,49,38,10,567,5670,2021-10-21
2021102105001074,ULI,49,58,10,567,5670,2021-10-21
2021102105001066,ULI,49,50,10,567,5670,2021-10-21
2021102105001064,ULI,6,33,40,570.9,22836,2021-10-21
2021102105001063,ULI,52,11,10,570,5700,2021-10-21
2021102105001061,ULI,52,49,10,570,5700,2021-10-21
2021102105001102,ULI,49,49,10,567,5670,2021-10-21
2021102105001095,ULI,6,41,10,566.1,5661,2021-10-21
2021102105001092,ULI,6,57,10,566.1,5661,2021-10-21
2021102105001089,ULI,49,49,10,567,5670,2021-10-21
2021102105001088,ULI,49,45,10,567,5670,2021-10-21
2021102105001085,ULI,49,21,10,567,5670,2021-10-21
2021102105001121,ULI,6,11,10,567.5,5675,2021-10-21
2021102105001117,ULI,6,17,10,567.5,5675,2021-10-21
2021102105001116,ULI,6,46,10,567.5,5675,2021-10-21
2021102105001115,ULI,6,32,10,567.5,5675,2021-10-21
2021102105001112,ULI,6,22,10,567.5,5675,2021-10-21
2021102105001104,ULI,49,58,10,567,5670,2021-10-21
2021102105001163,ULI,38,38,10,567.9,5679,2021-10-21
2021102105001159,ULI,6,7,10,567.2,5672,2021-10-21
2021102105001144,ULI,6,45,10,567.5,5675,2021-10-21
2021102105001130,ULI,6,52,10,567.5,5675,2021-10-21
2021102105001128,ULI,6,21,10,567.5,5675,2021-10-21
2021102105001122,ULI,6,45,10,567.5,5675,2021-10-21
2021102105001189,ULI,35,25,10,568.1,5681,2021-10-21
2021102105001183,ULI,6,39,10,568,5680,2021-10-21
2021102105001182,ULI,6,28,10,568,5680,2021-10-21
2021102105001180,ULI,35,57,40,567.9,22716,2021-10-21
2021102105001177,ULI,38,57,10,567.9,5679,2021-10-21
2021102105001169,ULI,38,14,10,567.9,5679,2021-10-21
2021102105001207,ULI,6,50,290,568,164720,2021-10-21
2021102105001206,ULI,35,50,10,568.1,5681,2021-10-21
2021102105001204,ULI,35,41,10,568.1,5681,2021-10-21
2021102105001199,ULI,35,48,10,568.1,5681,2021-10-21
2021102105001197,ULI,35,41,10,568.1,5681,2021-10-21
2021102105001192,ULI,35,34,10,568.1,5681,2021-10-21
2021102105001219,ULI,21,58,10,569,5690,2021-10-21
2021102105001218,ULI,21,58,10,569,5690,2021-10-21
2021102105001217,ULI,21,40,10,569,5690,2021-10-21
2021102105001216,ULI,21,52,10,569,5690,2021-10-21
2021102105001215,ULI,21,41,10,568.1,5681,2021-10-21
2021102105001214,ULI,6,39,10,568,5680,2021-10-21
2021102105001240,ULI,6,51,10,568,5680,2021-10-21
2021102105001233,ULI,6,35,40,568,22720,2021-10-21
2021102105001227,ULI,6,41,10,568,5680,2021-10-21
2021102105001226,ULI,6,22,10,568,5680,2021-10-21
2021102105001223,ULI,6,56,10,568,5680,2021-10-21
2021102105001221,ULI,6,42,137,568,77816,2021-10-21
2021102105000782,JBLB,43,16,10,4330,43300,2021-10-21
2021102105000777,JBLB,21,33,10,4330,43300,2021-10-21
2021102105000291,JBLB,58,49,188,4340,815920,2021-10-21
2021102105000290,JBLB,58,6,10,4339.9,43399,2021-10-21
2021102105000289,JBLB,58,6,10,4339.9,43399,2021-10-21
2021102105000297,JBLB,41,42,10,4350,43500,2021-10-21
2021102105000296,JBLB,41,49,10,4350,43500,2021-10-21
2021102105000294,JBLB,58,16,10,4340,43400,2021-10-21
2021102105000293,JBLB,58,28,10,4340,43400,2021-10-21
2021102105000292,JBLB,58,29,10,4340,43400,2021-10-21
2021102105000304,JBLB,13,49,20,4350,87000,2021-10-21
2021102105000303,JBLB,58,49,50,4350,217500,2021-10-21
2021102105000302,JBLB,33,49,20,4350,87000,2021-10-21
2021102105000301,JBLB,41,49,70,4350,304500,2021-10-21
2021102105000299,JBLB,44,29,10,4360,43600,2021-10-21
2021102105000298,JBLB,41,45,10,4350,43500,2021-10-21
2021102105000311,JBLB,1,49,40,4350,174000,2021-10-21
2021102105000310,JBLB,5,49,50,4350,217500,2021-10-21
2021102105000308,JBLB,58,49,50,4350,217500,2021-10-21
2021102105000315,JBLB,57,45,10,4379,43790,2021-10-21
2021102105000314,JBLB,57,17,10,4365,43650,2021-10-21
2021102105000313,JBLB,44,49,10,4364,43640,2021-10-21
2021102105000312,JBLB,1,29,40,4360,174400,2021-10-21
2021102105000326,JBLB,1,17,200,4385,877000,2021-10-21
2021102105000325,JBLB,1,42,10,4380,43800,2021-10-21
2021102105000335,JBLB,1,41,10,4342,43420,2021-10-21
2021102105000327,JBLB,1,7,10,4385,43850,2021-10-21
2021102105000338,JBLB,21,49,10,4380,43800,2021-10-21
2021102105000349,JBLB,58,28,262,4340,1137080,2021-10-21
2021102105000348,JBLB,20,28,20,4341,86820,2021-10-21
2021102105000347,JBLB,1,28,10,4342,43420,2021-10-21
2021102105000359,JBLB,59,58,10,4360,43600,2021-10-21
2021102105000373,JBLB,6,42,10,4330,43300,2021-10-21
2021102105000369,JBLB,47,14,10,4325,43250,2021-10-21
2021102105000365,JBLB,42,41,10,4335,43350,2021-10-21
2021102105000375,JBLB,57,33,10,4322,43220,2021-10-21
2021102105000390,JBLB,57,19,80,4322,345760,2021-10-21
2021102105000389,JBLB,4,19,13,4322.1,56187.3,2021-10-21
2021102105000386,JBLB,45,42,10,4325,43250,2021-10-21
2021102105000384,JBLB,57,16,10,4322,43220,2021-10-21
2021102105000399,JBLB,41,4,10,4330,43300,2021-10-21
2021102105000391,JBLB,45,19,20,4322,86440,2021-10-21
2021102105000405,JBLB,3,49,10,4310,43100,2021-10-21
2021102105000404,JBLB,42,28,90,4325,389250,2021-10-21
2021102105000403,JBLB,42,47,10,4325,43250,2021-10-21
2021102105000401,JBLB,41,21,10,4330,43300,2021-10-21
2021102105000400,JBLB,41,4,10,4330,43300,2021-10-21
2021102105000407,JBLB,20,58,10,4304,43040,2021-10-21
2021102105000406,JBLB,3,58,10,4310,43100,2021-10-21
2021102105000439,JBLB,34,56,20,4305.1,86102,2021-10-21
2021102105000430,JBLB,48,57,10,4325,43250,2021-10-21
2021102105000443,JBLB,58,52,10,4305,43050,2021-10-21
2021102105000440,JBLB,58,56,30,4305,129150,2021-10-21
2021102105000446,JBLB,58,47,100,4305,430500,2021-10-21
2021102105000464,JBLB,58,49,10,4305,43050,2021-10-21
2021102105000456,JBLB,58,29,10,4305,43050,2021-10-21
2021102105000472,JBLB,58,39,10,4305,43050,2021-10-21
2021102105000471,JBLB,58,46,10,4305,43050,2021-10-21
2021102105000466,JBLB,58,33,10,4305,43050,2021-10-21
2021102105000465,JBLB,58,49,10,4305,43050,2021-10-21
2021102105000482,JBLB,58,33,10,4305,43050,2021-10-21
2021102105000476,JBLB,58,58,10,4305,43050,2021-10-21
2021102105000475,JBLB,58,46,10,4305,43050,2021-10-21
2021102105000503,JBLB,58,38,10,4305,43050,2021-10-21
2021102105000517,JBLB,19,49,10,4310,43100,2021-10-21
2021102105000514,JBLB,58,16,10,4305,43050,2021-10-21
2021102105000513,JBLB,58,8,10,4305,43050,2021-10-21
2021102105000526,JBLB,1,35,10,4312,43120,2021-10-21
2021102105000525,JBLB,45,35,10,4312,43120,2021-10-21
2021102105000523,JBLB,1,35,10,4312,43120,2021-10-21
2021102105000521,JBLB,37,58,10,4310,43100,2021-10-21
2021102105000532,JBLB,45,58,10,4306.1,43061,2021-10-21
2021102105000527,JBLB,19,19,10,4312,43120,2021-10-21
2021102105000553,JBLB,21,38,10,4315,43150,2021-10-21
2021102105000552,JBLB,59,55,10,4319,43190,2021-10-21
2021102105000550,JBLB,57,55,30,4319,129570,2021-10-21
2021102105000543,JBLB,8,58,10,4310,43100,2021-10-21
2021102105000560,JBLB,58,57,10,4307,43070,2021-10-21
2021102105000558,JBLB,58,14,10,4307,43070,2021-10-21
2021102105000557,JBLB,59,5,10,4310,43100,2021-10-21
2021102105000554,JBLB,8,38,10,4310,43100,2021-10-21
2021102105000570,JBLB,58,36,10,4307,43070,2021-10-21
2021102105000569,JBLB,58,43,10,4307,43070,2021-10-21
2021102105000567,JBLB,58,13,10,4307,43070,2021-10-21
2021102105000565,JBLB,58,14,10,4307,43070,2021-10-21
2021102105000573,JBLB,58,38,50,4307,215350,2021-10-21
2021102105000572,JBLB,58,49,10,4307,43070,2021-10-21
2021102105000585,JBLB,41,45,10,4308,43080,2021-10-21
2021102105000581,JBLB,41,28,10,4308,43080,2021-10-21
2021102105000597,JBLB,28,38,10,4309,43090,2021-10-21
2021102105000606,JBLB,28,58,10,4315,43150,2021-10-21
2021102105000605,JBLB,28,41,10,4315,43150,2021-10-21
2021102105000604,JBLB,28,59,20,4315,86300,2021-10-21
2021102105000603,JBLB,28,4,20,4314,86280,2021-10-21
2021102105000601,JBLB,28,14,10,4309,43090,2021-10-21
2021102105000615,JBLB,5,55,10,4319,43190,2021-10-21
2021102105000614,JBLB,58,10,10,4314,43140,2021-10-21
2021102105000607,JBLB,28,55,40,4319,172760,2021-10-21
2021102105000623,JBLB,47,45,10,4310,43100,2021-10-21
2021102105000620,JBLB,28,55,100,4319,431900,2021-10-21
2021102105000631,JBLB,20,57,10,4325,43250,2021-10-21
2021102105000630,JBLB,20,55,10,4319,43190,2021-10-21
2021102105000638,JBLB,21,54,10,4310,43100,2021-10-21
2021102105000635,JBLB,21,42,10,4310,43100,2021-10-21
2021102105000634,JBLB,59,57,10,4310,43100,2021-10-21
2021102105000645,JBLB,21,4,10,4310,43100,2021-10-21
2021102105000644,JBLB,21,36,10,4310,43100,2021-10-21
2021102105000656,JBLB,42,22,10,4312,43120,2021-10-21
2021102105000651,JBLB,21,4,10,4310,43100,2021-10-21
2021102105000648,JBLB,21,57,10,4315,43150,2021-10-21
2021102105000658,JBLB,59,42,10,4310,43100,2021-10-21
2021102105000673,JBLB,21,42,10,4311,43110,2021-10-21
2021102105000691,JBLB,28,22,10,4312,43120,2021-10-21
2021102105000690,JBLB,41,28,10,4311,43110,2021-10-21
2021102105000688,JBLB,42,28,10,4312,43120,2021-10-21
2021102105000710,JBLB,1,42,10,4313,43130,2021-10-21
2021102105000713,JBLB,1,10,10,4313,43130,2021-10-21
2021102105000736,JBLB,29,42,10,4330,43300,2021-10-21
2021102105000735,JBLB,21,58,10,4330,43300,2021-10-21
2021102105000744,JBLB,49,29,170,4349,739330,2021-10-21
2021102105000743,JBLB,49,4,10,4345,43450,2021-10-21
2021102105000742,JBLB,49,42,20,4345,86900,2021-10-21
2021102105000737,JBLB,28,49,10,4320,43200,2021-10-21
2021102105000749,JBLB,21,44,10,4345,43450,2021-10-21
2021102105000747,JBLB,28,57,10,4320,43200,2021-10-21
2021102105000746,JBLB,28,17,10,4320,43200,2021-10-21
2021102105000761,JBLB,7,38,10,4330,43300,2021-10-21
2021102105000773,JBLB,7,28,10,4330,43300,2021-10-21
2021102105000767,JBLB,7,38,10,4330,43300,2021-10-21
2021102105000783,MKLB,22,34,10,1667,16670,2021-10-21
2021102105000774,MKLB,36,57,10,1666.1,16661,2021-10-21
2021102105000770,MKLB,49,28,10,1667,16670,2021-10-21
2021102105000765,MKLB,36,38,10,1675,16750,2021-10-21
2021102105000764,MKLB,36,13,10,1675,16750,2021-10-21
2021102105000751,MKLB,16,44,10,1667,16670,2021-10-21
2021102105000414,MKLB,14,48,10,1674,16740,2021-10-21
2021102105000408,MKLB,14,50,10,1674,16740,2021-10-21
2021102105000387,MKLB,57,50,10,1680,16800,2021-10-21
2021102105000381,MKLB,57,40,10,1680,16800,2021-10-21
2021102105000429,MKLB,44,58,10,1673,16730,2021-10-21
2021102105000421,MKLB,14,48,30,1673.1,50193,2021-10-21
2021102105000420,MKLB,42,40,15,1695,25425,2021-10-21
2021102105000419,MKLB,42,28,20,1694.9,33898,2021-10-21
2021102105000418,MKLB,42,48,65,1694.5,110142.5,2021-10-21
2021102105000416,MKLB,7,48,10,1673.2,16732,2021-10-21
2021102105000501,MKLB,3,48,10,1670.1,16701,2021-10-21
2021102105000463,MKLB,3,45,10,1670.1,16701,2021-10-21
2021102105000438,MKLB,3,38,10,1670.1,16701,2021-10-21
2021102105000437,MKLB,16,48,10,1673,16730,2021-10-21
2021102105000434,MKLB,25,48,30,1671,50130,2021-10-21
2021102105000432,MKLB,44,48,10,1673,16730,2021-10-21
2021102105000661,MKLB,41,45,10,1663,16630,2021-10-21
2021102105000637,MKLB,44,42,10,1663,16630,2021-10-21
2021102105000613,MKLB,44,14,10,1663,16630,2021-10-21
2021102105000522,MKLB,38,57,10,1670,16700,2021-10-21
2021102105000512,MKLB,38,16,20,1670,33400,2021-10-21
2021102105000502,MKLB,17,48,10,1670,16700,2021-10-21
2021102105000717,MKLB,55,6,10,1663,16630,2021-10-21
2021102105000716,MKLB,6,6,20,1665,33300,2021-10-21
2021102105000715,MKLB,55,6,15,1674,25110,2021-10-21
2021102105000709,MKLB,55,48,35,1674,58590,2021-10-21
2021102105000677,MKLB,14,42,10,1662,16620,2021-10-21
2021102105000674,MKLB,41,21,10,1663,16630,2021-10-21
2021102105000787,SLI,51,36,10,515,5150,2021-10-21
2021102105000786,SLI,51,6,10,515,5150,2021-10-21
2021102105000779,SLI,51,17,10,515,5150,2021-10-21
2021102105000776,SLI,51,58,10,515,5150,2021-10-21
2021102105000295,SLI,21,16,10,515,5150,2021-10-21
2021102105000309,SLI,58,38,10,519,5190,2021-10-21
2021102105000306,SLI,21,43,10,519,5190,2021-10-21
2021102105000305,SLI,21,21,10,515,5150,2021-10-21
2021102105000317,SLI,55,49,30,520,15600,2021-10-21
2021102105000316,SLI,55,38,10,519.9,5199,2021-10-21
2021102105000324,SLI,58,49,10,520,5200,2021-10-21
2021102105000323,SLI,21,22,10,519.8,5198,2021-10-21
2021102105000321,SLI,21,40,10,515,5150,2021-10-21
2021102105000318,SLI,58,21,10,519,5190,2021-10-21
2021102105000336,SLI,21,41,10,515,5150,2021-10-21
2021102105000334,SLI,21,58,10,515,5150,2021-10-21
2021102105000333,SLI,21,47,10,515,5150,2021-10-21
2021102105000331,SLI,21,58,10,515,5150,2021-10-21
2021102105000344,SLI,58,45,10,520,5200,2021-10-21
2021102105000343,SLI,58,49,460,520,239200,2021-10-21
2021102105000342,SLI,58,50,10,519,5190,2021-10-21
2021102105000340,SLI,58,50,10,519,5190,2021-10-21
2021102105000339,SLI,58,55,10,519,5190,2021-10-21
2021102105000350,SLI,39,16,10,515.2,5152,2021-10-21
2021102105000346,SLI,58,41,10,520,5200,2021-10-21
2021102105000345,SLI,58,53,10,520,5200,2021-10-21
2021102105000361,SLI,58,42,10,515.1,5151,2021-10-21
2021102105000360,SLI,58,57,10,515.1,5151,2021-10-21
2021102105000357,SLI,58,42,10,515.1,5151,2021-10-21
2021102105000355,SLI,58,40,10,515.1,5151,2021-10-21
2021102105000352,SLI,58,4,10,515.1,5151,2021-10-21
2021102105000371,SLI,58,28,10,515.1,5151,2021-10-21
2021102105000368,SLI,58,52,10,515.1,5151,2021-10-21
2021102105000364,SLI,58,29,10,515.1,5151,2021-10-21
2021102105000382,SLI,21,17,10,515,5150,2021-10-21
2021102105000380,SLI,21,17,10,515,5150,2021-10-21
2021102105000379,SLI,21,34,10,515,5150,2021-10-21
2021102105000378,SLI,58,42,10,515.1,5151,2021-10-21
2021102105000376,SLI,58,28,10,515.1,5151,2021-10-21
2021102105000385,SLI,21,17,10,515,5150,2021-10-21
2021102105000383,SLI,21,42,10,515,5150,2021-10-21
2021102105000397,SLI,21,14,10,515,5150,2021-10-21
2021102105000395,SLI,21,36,10,515,5150,2021-10-21
2021102105000394,SLI,56,51,10,516,5160,2021-10-21
2021102105000393,SLI,21,57,10,515,5150,2021-10-21
2021102105000402,SLI,21,58,10,515,5150,2021-10-21
2021102105000415,SLI,21,49,10,515,5150,2021-10-21
2021102105000413,SLI,21,51,10,515,5150,2021-10-21
2021102105000410,SLI,21,6,10,515,5150,2021-10-21
2021102105000409,SLI,21,49,10,515,5150,2021-10-21
2021102105000427,SLI,32,34,50,515,25750,2021-10-21
2021102105000426,SLI,55,34,100,515,51500,2021-10-21
2021102105000425,SLI,14,34,150,515,77250,2021-10-21
2021102105000424,SLI,21,34,260,515,133900,2021-10-21
2021102105000423,SLI,21,6,10,515,5150,2021-10-21
2021102105000422,SLI,21,38,10,515,5150,2021-10-21
2021102105000435,SLI,29,42,10,515,5150,2021-10-21
2021102105000433,SLI,29,57,10,515,5150,2021-10-21
2021102105000431,SLI,29,49,200,515,103000,2021-10-21
2021102105000428,SLI,29,34,440,515,226600,2021-10-21
2021102105000445,SLI,29,39,10,515,5150,2021-10-21
2021102105000444,SLI,29,58,10,515,5150,2021-10-21
2021102105000442,SLI,29,41,10,515,5150,2021-10-21
2021102105000441,SLI,29,58,10,515,5150,2021-10-21
2021102105000451,SLI,16,49,100,513,51300,2021-10-21
2021102105000450,SLI,13,49,300,513.2,153960,2021-10-21
2021102105000449,SLI,58,49,100,513.3,51330,2021-10-21
2021102105000448,SLI,49,49,120,513.4,61608,2021-10-21
2021102105000447,SLI,29,49,200,515,103000,2021-10-21
2021102105000455,SLI,17,49,10,512,5120,2021-10-21
2021102105000454,SLI,17,38,10,512,5120,2021-10-21
2021102105000453,SLI,58,49,10,513,5130,2021-10-21
2021102105000452,SLI,59,49,20,513,10260,2021-10-21
2021102105000473,SLI,17,26,10,512,5120,2021-10-21
2021102105000470,SLI,17,38,10,512,5120,2021-10-21
2021102105000484,SLI,17,50,10,512,5120,2021-10-21
2021102105000483,SLI,13,49,100,515,51500,2021-10-21
2021102105000477,SLI,17,42,10,512,5120,2021-10-21
2021102105000504,SLI,49,34,10,512,5120,2021-10-21
2021102105000491,SLI,17,14,10,512,5120,2021-10-21
2021102105000488,SLI,17,50,10,512,5120,2021-10-21
2021102105000487,SLI,17,50,10,512,5120,2021-10-21
2021102105000485,SLI,17,50,10,512,5120,2021-10-21
2021102105000519,SLI,45,38,10,512.1,5121,2021-10-21
2021102105000510,SLI,45,45,10,512.1,5121,2021-10-21
2021102105000507,SLI,26,56,10,512,5120,2021-10-21
2021102105000524,SLI,49,45,10,512.1,5121,2021-10-21
2021102105000520,SLI,49,16,10,512.1,5121,2021-10-21
2021102105000541,SLI,55,6,10,515,5150,2021-10-21
2021102105000540,SLI,55,58,10,515,5150,2021-10-21
2021102105000539,SLI,55,49,50,515,25750,2021-10-21
2021102105000534,SLI,49,46,10,512.1,5121,2021-10-21
2021102105000549,SLI,34,46,10,513,5130,2021-10-21
2021102105000545,SLI,3,42,10,514,5140,2021-10-21
2021102105000556,SLI,34,45,10,513,5130,2021-10-21
2021102105000555,SLI,6,21,10,517,5170,2021-10-21
2021102105000568,SLI,58,58,10,515,5150,2021-10-21
2021102105000564,SLI,34,39,10,514,5140,2021-10-21
2021102105000580,SLI,32,38,10,515,5150,2021-10-21
2021102105000578,SLI,49,11,10,514.1,5141,2021-10-21
2021102105000574,SLI,49,38,10,514.1,5141,2021-10-21
2021102105000571,SLI,34,45,10,514,5140,2021-10-21
2021102105000592,SLI,33,32,10,514.2,5142,2021-10-21
2021102105000590,SLI,33,55,10,514.2,5142,2021-10-21
2021102105000589,SLI,58,21,10,515,5150,2021-10-21
2021102105000587,SLI,49,4,10,514.5,5145,2021-10-21
2021102105000599,SLI,55,21,10,515,5150,2021-10-21
2021102105000598,SLI,55,4,10,515,5150,2021-10-21
2021102105000596,SLI,33,19,10,514.2,5142,2021-10-21
2021102105000595,SLI,33,35,10,514.2,5142,2021-10-21
2021102105000593,SLI,33,35,10,514.2,5142,2021-10-21
2021102105000600,SLI,55,22,10,515,5150,2021-10-21
2021102105000617,SLI,33,49,50,514.2,25710,2021-10-21
2021102105000616,SLI,39,49,180,515,92700,2021-10-21
2021102105000611,SLI,39,40,10,515,5150,2021-10-21
2021102105000622,SLI,14,49,10,514,5140,2021-10-21
2021102105000621,SLI,34,49,1240,514,637360,2021-10-21
2021102105000619,SLI,34,49,240,514,123360,2021-10-21
2021102105000618,SLI,49,49,30,514.1,15423,2021-10-21
2021102105000629,SLI,34,25,10,513,5130,2021-10-21
2021102105000628,SLI,49,42,10,515,5150,2021-10-21
2021102105000627,SLI,49,1,10,515,5150,2021-10-21
2021102105000624,SLI,34,51,10,513,5130,2021-10-21
2021102105000640,SLI,34,5,10,513,5130,2021-10-21
2021102105000639,SLI,34,59,10,513,5130,2021-10-21
2021102105000636,SLI,34,49,10,513,5130,2021-10-21
2021102105000647,SLI,38,57,10,513,5130,2021-10-21
2021102105000646,SLI,34,58,10,513,5130,2021-10-21
2021102105000643,SLI,34,41,10,513,5130,2021-10-21
2021102105000642,SLI,34,34,10,513,5130,2021-10-21
2021102105000657,SLI,16,54,10,512.6,5126,2021-10-21
2021102105000654,SLI,38,41,10,513,5130,2021-10-21
2021102105000653,SLI,38,44,10,513,5130,2021-10-21
2021102105000670,SLI,6,6,10,513,5130,2021-10-21
2021102105000668,SLI,6,32,10,513,5130,2021-10-21
2021102105000664,SLI,16,42,10,512.6,5126,2021-10-21
2021102105000660,SLI,55,49,10,513,5130,2021-10-21
2021102105000659,SLI,55,45,10,513,5130,2021-10-21
2021102105000683,SLI,6,49,10,513,5130,2021-10-21
2021102105000682,SLI,38,42,10,514,5140,2021-10-21
2021102105000681,SLI,38,58,40,514,20560,2021-10-21
2021102105000675,SLI,6,21,10,513,5130,2021-10-21
2021102105000672,SLI,6,57,10,513,5130,2021-10-21
2021102105000686,SLI,57,49,10,515,5150,2021-10-21
2021102105000685,SLI,57,49,10,515,5150,2021-10-21
2021102105000684,SLI,34,57,10,513,5130,2021-10-21
2021102105000701,SLI,55,22,10,515,5150,2021-10-21
2021102105000699,SLI,48,37,10,514.5,5145,2021-10-21
2021102105000696,SLI,48,46,10,514.5,5145,2021-10-21
2021102105000695,SLI,48,8,10,514.5,5145,2021-10-21
2021102105000694,SLI,48,45,10,514.5,5145,2021-10-21
2021102105000692,SLI,48,42,10,514.5,5145,2021-10-21
2021102105000708,SLI,55,40,10,514,5140,2021-10-21
2021102105000705,SLI,55,40,10,514,5140,2021-10-21
2021102105000704,SLI,55,8,10,514,5140,2021-10-21
2021102105000703,SLI,55,21,10,515,5150,2021-10-21
2021102105000702,SLI,55,58,10,515,5150,2021-10-21
2021102105000721,SLI,55,58,10,515,5150,2021-10-21
2021102105000720,SLI,48,40,10,513.5,5135,2021-10-21
2021102105000718,SLI,48,40,10,513.5,5135,2021-10-21
2021102105000714,SLI,55,40,10,514,5140,2021-10-21
2021102105000711,SLI,55,40,10,514,5140,2021-10-21
2021102105000730,SLI,21,16,10,516,5160,2021-10-21
2021102105000729,SLI,21,57,10,516,5160,2021-10-21
2021102105000728,SLI,21,53,10,515,5150,2021-10-21
2021102105000726,SLI,48,50,10,513.5,5135,2021-10-21
2021102105000724,SLI,48,40,10,513.5,5135,2021-10-21
2021102105000722,SLI,48,10,10,513.5,5135,2021-10-21
2021102105000734,SLI,21,49,440,517,227480,2021-10-21
2021102105000733,SLI,21,58,10,517,5170,2021-10-21
2021102105000732,SLI,21,58,10,516.9,5169,2021-10-21
2021102105000731,SLI,21,16,10,516,5160,2021-10-21
2021102105000745,SLI,48,58,10,514.5,5145,2021-10-21
2021102105000739,SLI,8,6,10,514.5,5145,2021-10-21
2021102105000753,SLI,8,6,10,515,5150,2021-10-21
2021102105000752,SLI,48,21,10,514.5,5145,2021-10-21
2021102105000750,SLI,48,7,10,514.5,5145,2021-10-21
2021102105000762,SLI,14,58,10,515,5150,2021-10-21
2021102105000758,SLI,58,57,10,514.5,5145,2021-10-21
2021102105000757,SLI,48,57,50,514.5,25725,2021-10-21
2021102105000756,SLI,48,17,10,514.5,5145,2021-10-21
2021102105000754,SLI,48,58,10,514.5,5145,2021-10-21
2021102105000775,SLI,58,17,10,514.5,5145,2021-10-21
2021102105000769,SLI,55,21,10,515,5150,2021-10-21
2021102105000768,SLI,55,32,10,515,5150,2021-10-21
2021102105000763,SLI,58,45,10,514.5,5145,2021-10-21
2021102105000788,ULI,32,29,10,565.1,5651,2021-10-21
2021102105000785,ULI,54,58,10,565,5650,2021-10-21
2021102105000784,ULI,41,6,10,565,5650,2021-10-21
2021102105000781,ULI,57,6,10,565,5650,2021-10-21
2021102105000780,ULI,8,6,10,566,5660,2021-10-21
2021102105000778,ULI,58,22,10,567.8,5678,2021-10-21
2021102105000300,ULI,38,21,10,563,5630,2021-10-21
2021102105000329,ULI,49,35,10,564.1,5641,2021-10-21
2021102105000328,ULI,49,25,10,564.1,5641,2021-10-21
2021102105000322,ULI,21,58,10,568.9,5689,2021-10-21
2021102105000320,ULI,34,49,10,568,5680,2021-10-21
2021102105000319,ULI,49,21,10,564.1,5641,2021-10-21
2021102105000307,ULI,22,49,10,564,5640,2021-10-21
2021102105000353,ULI,19,38,10,565,5650,2021-10-21
2021102105000351,ULI,19,22,10,565,5650,2021-10-21
2021102105000341,ULI,22,38,10,564,5640,2021-10-21
2021102105000337,ULI,22,58,10,564,5640,2021-10-21
2021102105000332,ULI,22,36,10,564,5640,2021-10-21
2021102105000330,ULI,49,56,10,564.1,5641,2021-10-21
2021102105000366,ULI,45,45,10,565,5650,2021-10-21
2021102105000363,ULI,43,38,10,564.1,5641,2021-10-21
2021102105000362,ULI,19,58,10,565,5650,2021-10-21
2021102105000358,ULI,19,38,10,565,5650,2021-10-21
2021102105000356,ULI,19,35,10,565,5650,2021-10-21
2021102105000354,ULI,48,48,10,566,5660,2021-10-21
2021102105000388,ULI,16,25,10,565,5650,2021-10-21
2021102105000377,ULI,22,42,10,564,5640,2021-10-21
2021102105000374,ULI,17,35,10,565,5650,2021-10-21
2021102105000372,ULI,48,48,10,566,5660,2021-10-21
2021102105000370,ULI,48,48,10,566,5660,2021-10-21
2021102105000367,ULI,45,38,10,565,5650,2021-10-21
2021102105000417,ULI,59,35,10,565,5650,2021-10-21
2021102105000412,ULI,59,49,10,565,5650,2021-10-21
2021102105000411,ULI,59,50,10,565,5650,2021-10-21
2021102105000398,ULI,59,58,10,565,5650,2021-10-21
2021102105000396,ULI,59,34,10,565,5650,2021-10-21
2021102105000392,ULI,59,50,10,565,5650,2021-10-21
2021102105000461,ULI,58,49,10,565,5650,2021-10-21
2021102105000460,ULI,1,49,50,565,28250,2021-10-21
2021102105000459,ULI,59,49,20,565,11300,2021-10-21
2021102105000458,ULI,4,49,100,565.1,56510,2021-10-21
2021102105000457,ULI,47,49,18,565.1,10171.8,2021-10-21
2021102105000436,ULI,47,51,10,565.1,5651,2021-10-21
2021102105000478,ULI,41,58,18,564.5,10161,2021-10-21
2021102105000474,ULI,41,50,10,564.5,5645,2021-10-21
2021102105000469,ULI,41,58,172,564.5,97094,2021-10-21
2021102105000468,ULI,45,58,28,565,15820,2021-10-21
2021102105000467,ULI,45,38,10,565,5650,2021-10-21
2021102105000462,ULI,45,49,12,565,6780,2021-10-21
2021102105000490,ULI,14,50,10,563,5630,2021-10-21
2021102105000489,ULI,14,38,10,563,5630,2021-10-21
2021102105000486,ULI,38,58,30,563,16890,2021-10-21
2021102105000481,ULI,38,38,10,563,5630,2021-10-21
2021102105000480,ULI,41,58,100,564,56400,2021-10-21
2021102105000479,ULI,49,58,50,564,28200,2021-10-21
2021102105000497,ULI,52,57,10,564,5640,2021-10-21
2021102105000496,ULI,52,26,10,564,5640,2021-10-21
2021102105000495,ULI,52,46,10,563,5630,2021-10-21
2021102105000494,ULI,52,50,10,563,5630,2021-10-21
2021102105000493,ULI,59,39,10,562.1,5621,2021-10-21
2021102105000492,ULI,14,26,10,563,5630,2021-10-21
2021102105000508,ULI,52,58,10,564,5640,2021-10-21
2021102105000506,ULI,52,51,10,564,5640,2021-10-21
2021102105000505,ULI,52,34,10,564,5640,2021-10-21
2021102105000500,ULI,52,17,10,564,5640,2021-10-21
2021102105000499,ULI,52,1,10,564,5640,2021-10-21
2021102105000498,ULI,52,58,10,564,5640,2021-10-21
2021102105000528,ULI,44,38,10,565,5650,2021-10-21
2021102105000518,ULI,52,45,10,564,5640,2021-10-21
2021102105000516,ULI,52,19,10,564,5640,2021-10-21
2021102105000515,ULI,52,38,10,564,5640,2021-10-21
2021102105000511,ULI,52,59,10,564,5640,2021-10-21
2021102105000509,ULI,52,59,10,564,5640,2021-10-21
2021102105000536,ULI,52,45,10,564,5640,2021-10-21
2021102105000535,ULI,52,58,10,564,5640,2021-10-21
2021102105000533,ULI,52,58,10,564,5640,2021-10-21
2021102105000531,ULI,52,38,10,564,5640,2021-10-21
2021102105000530,ULI,52,56,10,564,5640,2021-10-21
2021102105000529,ULI,44,34,10,565,5650,2021-10-21
2021102105000547,ULI,21,46,10,564,5640,2021-10-21
2021102105000546,ULI,22,57,10,568,5680,2021-10-21
2021102105000544,ULI,21,48,10,564,5640,2021-10-21
2021102105000542,ULI,21,57,10,564,5640,2021-10-21
2021102105000538,ULI,6,26,10,569.8,5698,2021-10-21
2021102105000537,ULI,6,21,10,568.5,5685,2021-10-21
2021102105000563,ULI,42,39,10,565,5650,2021-10-21
2021102105000562,ULI,42,45,10,565,5650,2021-10-21
2021102105000561,ULI,42,43,10,565,5650,2021-10-21
2021102105000559,ULI,42,38,10,565,5650,2021-10-21
2021102105000551,ULI,42,43,10,565,5650,2021-10-21
2021102105000548,ULI,21,26,10,564,5640,2021-10-21
2021102105000582,ULI,17,28,10,563,5630,2021-10-21
2021102105000579,ULI,22,56,10,565,5650,2021-10-21
2021102105000577,ULI,21,22,460,564,259440,2021-10-21
2021102105000576,ULI,42,22,30,565,16950,2021-10-21
2021102105000575,ULI,42,26,10,565,5650,2021-10-21
2021102105000566,ULI,42,14,10,565,5650,2021-10-21
2021102105000594,ULI,17,19,10,563,5630,2021-10-21
2021102105000591,ULI,17,4,10,563,5630,2021-10-21
2021102105000588,ULI,17,22,10,563,5630,2021-10-21
2021102105000586,ULI,17,35,10,563,5630,2021-10-21
2021102105000584,ULI,17,42,10,563,5630,2021-10-21
2021102105000583,ULI,17,26,10,563,5630,2021-10-21
2021102105000625,ULI,17,14,10,563,5630,2021-10-21
2021102105000612,ULI,55,56,10,566,5660,2021-10-21
2021102105000610,ULI,17,42,10,563,5630,2021-10-21
2021102105000609,ULI,55,58,10,566,5660,2021-10-21
2021102105000608,ULI,55,21,10,566,5660,2021-10-21
2021102105000602,ULI,55,35,10,565,5650,2021-10-21
2021102105000650,ULI,29,57,10,565,5650,2021-10-21
2021102105000649,ULI,29,38,10,565,5650,2021-10-21
2021102105000641,ULI,29,56,10,565,5650,2021-10-21
2021102105000633,ULI,43,38,10,562.1,5621,2021-10-21
2021102105000632,ULI,43,14,10,562.1,5621,2021-10-21
2021102105000626,ULI,17,46,10,563,5630,2021-10-21
2021102105000666,ULI,29,45,10,565,5650,2021-10-21
2021102105000665,ULI,29,57,10,565,5650,2021-10-21
2021102105000663,ULI,29,21,10,565,5650,2021-10-21
2021102105000662,ULI,29,33,10,565,5650,2021-10-21
2021102105000655,ULI,29,6,10,565,5650,2021-10-21
2021102105000652,ULI,8,5,10,565.9,5659,2021-10-21
2021102105000679,ULI,29,49,10,562.2,5622,2021-10-21
2021102105000678,ULI,43,45,10,562.2,5622,2021-10-21
2021102105000676,ULI,43,38,10,563,5630,2021-10-21
2021102105000671,ULI,43,42,10,562.1,5621,2021-10-21
2021102105000669,ULI,29,57,10,565,5650,2021-10-21
2021102105000667,ULI,29,57,10,565,5650,2021-10-21
2021102105000698,ULI,45,8,10,562.4,5624,2021-10-21
2021102105000697,ULI,32,10,10,564,5640,2021-10-21
2021102105000693,ULI,32,6,10,564,5640,2021-10-21
2021102105000689,ULI,54,42,10,562.2,5622,2021-10-21
2021102105000687,ULI,32,21,10,562.2,5622,2021-10-21
2021102105000680,ULI,29,57,10,562.2,5622,2021-10-21
2021102105000723,ULI,47,10,10,566,5660,2021-10-21
2021102105000719,ULI,32,58,10,567,5670,2021-10-21
2021102105000712,ULI,32,58,10,566,5660,2021-10-21
2021102105000707,ULI,55,58,10,565,5650,2021-10-21
2021102105000706,ULI,55,57,10,565,5650,2021-10-21
2021102105000700,ULI,8,58,10,564.1,5641,2021-10-21
2021102105000748,ULI,47,57,20,566,11320,2021-10-21
2021102105000741,ULI,41,53,10,567,5670,2021-10-21
2021102105000740,ULI,41,57,10,567,5670,2021-10-21
2021102105000738,ULI,47,58,10,566,5660,2021-10-21
2021102105000727,ULI,47,38,10,566,5660,2021-10-21
2021102105000725,ULI,32,50,10,566.1,5661,2021-10-21
2021102105000772,ULI,57,21,10,565,5650,2021-10-21
2021102105000771,ULI,57,34,10,565,5650,2021-10-21
2021102105000766,ULI,57,42,10,565,5650,2021-10-21
2021102105000760,ULI,57,14,10,565,5650,2021-10-21
2021102105000759,ULI,59,57,10,566,5660,2021-10-21
2021102105000755,ULI,32,58,10,566,5660,2021-10-21
2021102104009332,AHPC,5,57,220,382,84040,2021-10-21
2021102104009331,AHPC,5,49,500,381.9,190950,2021-10-21
2021102104009330,AHPC,5,57,100,381,38100,2021-10-21
2021102104009329,AHPC,5,45,180,381,68580,2021-10-21
2021102104009254,AHPC,22,45,100,381,38100,2021-10-21
2021102104009240,AHPC,38,45,220,381,83820,2021-10-21
2021102104009138,AHPC,22,26,115,380,43700,2021-10-21
2021102104009137,AHPC,6,26,230,380.1,87423,2021-10-21
2021102104009136,AHPC,6,26,200,380.1,76020,2021-10-21
2021102104009135,AHPC,21,26,10,381,3810,2021-10-21
2021102104009134,AHPC,55,26,400,381,152400,2021-10-21
2021102104009148,AHPC,58,35,10,380,3800,2021-10-21
2021102104009147,AHPC,21,35,1000,380,380000,2021-10-21
2021102104009146,AHPC,43,35,10,380,3800,2021-10-21
2021102104009145,AHPC,57,35,15,380,5700,2021-10-21
2021102104009144,AHPC,45,35,20,380,7600,2021-10-21
2021102104009139,AHPC,42,26,45,380,17100,2021-10-21
2021102104009154,AHPC,57,35,100,380,38000,2021-10-21
2021102104009153,AHPC,1,35,100,380,38000,2021-10-21
2021102104009152,AHPC,50,35,100,380,38000,2021-10-21
2021102104009151,AHPC,58,35,10,380,3800,2021-10-21
2021102104009150,AHPC,34,35,200,380,76000,2021-10-21
2021102104009149,AHPC,57,35,300,380,114000,2021-10-21
2021102104009239,AHPC,38,59,140,380.1,53214,2021-10-21
2021102104009220,AHPC,38,59,100,380.1,38010,2021-10-21
2021102104009219,AHPC,40,59,50,380.1,19005,2021-10-21
2021102104009216,AHPC,42,59,10,381,3810,2021-10-21
2021102104009156,AHPC,34,35,125,380,47500,2021-10-21
2021102104009155,AHPC,16,35,10,380,3800,2021-10-21
2021102104009280,AKJCL,53,49,100,295.3,29530,2021-10-21
2021102104009323,AKPL,50,57,10,450,4500,2021-10-21
2021102104009247,AKPL,11,52,18,449,8082,2021-10-21
2021102104009246,AKPL,52,52,62,449,27838,2021-10-21
2021102104009198,AKPL,39,57,56,450,25200,2021-10-21
2021102104009197,AKPL,39,50,144,450,64800,2021-10-21
2021102104009190,AKPL,44,50,100,450,45000,2021-10-21
2021102104009189,AKPL,44,49,285,450,128250,2021-10-21
2021102104009287,API,45,5,490,417,204330,2021-10-21
2021102104009265,API,45,21,100,417,41700,2021-10-21
2021102104009263,API,45,17,500,417,208500,2021-10-21
2021102104009262,API,45,58,41,417,17097,2021-10-21
2021102104009261,API,45,13,14,416,5824,2021-10-21
2021102104009260,API,45,57,200,415,83000,2021-10-21
2021102104009259,API,45,56,100,415,41500,2021-10-21
2021102104009248,API,57,49,400,413,165200,2021-10-21
2021102104009158,API,57,59,159,413,65667,2021-10-21
2021102104009157,API,21,59,91,413.1,37592.1,2021-10-21
2021102104009121,BARUN,21,34,50,369,18450,2021-10-21
2021102104009132,BPCL,1,5,474,466,220884,2021-10-21
2021102104009131,BPCL,1,22,30,466,13980,2021-10-21
2021102104009268,CGH,25,16,10,1280,12800,2021-10-21
2021102104009166,CGH,38,16,10,1278,12780,2021-10-21
2021102104009328,CHCL,35,16,49,568,27832,2021-10-21
2021102104009327,CHCL,35,10,25,567,14175,2021-10-21
2021102104009326,CHCL,35,21,195,567,110565,2021-10-21
2021102104009284,CHCL,26,21,10,567,5670,2021-10-21
2021102104009283,CHCL,26,21,10,567,5670,2021-10-21
2021102104009235,CHCL,1,21,40,567,22680,2021-10-21
2021102104009231,CHCL,57,21,30,567,17010,2021-10-21
2021102104009230,CHCL,36,21,65,567,36855,2021-10-21
2021102104009221,CHCL,26,16,10,568,5680,2021-10-21
2021102104009218,CHCL,52,16,10,568,5680,2021-10-21
2021102104009161,CHCL,8,16,10,568,5680,2021-10-21
2021102104009126,CHL,26,14,50,428,21400,2021-10-21
2021102104009244,DHPL,32,34,10,284,2840,2021-10-21
2021102104009188,DHPL,56,58,266,280,74480,2021-10-21
2021102104009187,DHPL,35,58,10,280,2800,2021-10-21
2021102104009186,DHPL,41,58,40,280,11200,2021-10-21
2021102104009185,DHPL,42,58,50,281,14050,2021-10-21
2021102104009184,DHPL,32,58,34,282,9588,2021-10-21
2021102104009237,EIC,7,13,24,618.7,14848.8,2021-10-21
2021102104009289,GIMES1,17,38,1780,20.68,36810.4,2021-10-21
2021102104009288,GIMES1,14,38,220,20.7,4554,2021-10-21
2021102104009256,HDHPC,29,54,10,280,2800,2021-10-21
2021102104009236,HDHPC,7,37,50,278,13900,2021-10-21
2021102104009165,HGI,32,32,10,616,6160,2021-10-21
2021102104009285,HPPL,42,42,150,391,58650,2021-10-21
2021102104009127,IGI,21,38,50,975,48750,2021-10-21
2021102105000287,JBLB,33,47,10,4320,43200,2021-10-21
2021102105000283,JBLB,58,14,10,4310,43100,2021-10-21
2021102105000008,JBLB,41,7,10,4341,43410,2021-10-21
2021102105000007,JBLB,59,13,10,4340,43400,2021-10-21
2021102105000019,JBLB,58,57,10,4400,44000,2021-10-21
2021102105000014,JBLB,14,21,10,4400,44000,2021-10-21
2021102105000013,JBLB,14,35,10,4321,43210,2021-10-21
2021102105000012,JBLB,25,22,10,4321,43210,2021-10-21
2021102105000009,JBLB,25,44,10,4321,43210,2021-10-21
2021102105000026,JBLB,58,20,66,4399.9,290393.4,2021-10-21
2021102105000023,JBLB,58,47,25,4400,110000,2021-10-21
2021102105000022,JBLB,58,41,10,4400,44000,2021-10-21
2021102105000021,JBLB,58,57,35,4400,154000,2021-10-21
2021102105000020,JBLB,58,45,20,4400,88000,2021-10-21
2021102105000030,JBLB,58,48,10,4380,43800,2021-10-21
2021102105000037,JBLB,49,58,10,4380,43800,2021-10-21
2021102105000041,JBLB,40,40,10,4385,43850,2021-10-21
2021102105000075,JBLB,21,59,10,4350,43500,2021-10-21
2021102105000082,JBLB,57,11,10,4334,43340,2021-10-21
2021102105000087,JBLB,43,46,10,4321.1,43211,2021-10-21
2021102105000086,JBLB,3,46,10,4322.1,43221,2021-10-21
2021102105000085,JBLB,21,46,10,4323,43230,2021-10-21
2021102105000100,JBLB,58,50,10,4312,43120,2021-10-21
2021102105000099,JBLB,58,46,20,4312,86240,2021-10-21
2021102105000097,JBLB,58,45,60,4312,258720,2021-10-21
2021102105000096,JBLB,35,45,40,4312,172480,2021-10-21
2021102105000091,JBLB,35,47,10,4312,43120,2021-10-21
2021102105000106,JBLB,28,54,30,4312,129360,2021-10-21
2021102105000105,JBLB,7,54,20,4312,86240,2021-10-21
2021102105000103,JBLB,7,34,30,4312,129360,2021-10-21
2021102105000102,JBLB,58,34,110,4312,474320,2021-10-21
2021102105000116,JBLB,28,32,30,4312,129360,2021-10-21
2021102105000115,JBLB,28,52,10,4312,43120,2021-10-21
2021102105000114,JBLB,28,21,10,4312,43120,2021-10-21
2021102105000111,JBLB,28,45,20,4312,86240,2021-10-21
2021102105000110,JBLB,28,21,10,4312,43120,2021-10-21
2021102105000121,JBLB,46,34,10,4298,42980,2021-10-21
2021102105000120,JBLB,29,32,100,4300,430000,2021-10-21
2021102105000119,JBLB,57,32,10,4300,43000,2021-10-21
2021102105000118,JBLB,45,32,10,4300,43000,2021-10-21
2021102105000117,JBLB,58,32,10,4300.1,43001,2021-10-21
2021102105000131,JBLB,58,17,10,4280,42800,2021-10-21
2021102105000129,JBLB,58,58,10,4280,42800,2021-10-21
2021102105000127,JBLB,58,20,10,4280,42800,2021-10-21
2021102105000149,JBLB,5,29,10,4280,42800,2021-10-21
2021102105000148,JBLB,34,29,10,4280,42800,2021-10-21
2021102105000147,JBLB,58,29,40,4280,171200,2021-10-21
2021102105000145,JBLB,58,44,10,4280,42800,2021-10-21
2021102105000155,JBLB,45,34,10,4256,42560,2021-10-21
2021102105000168,JBLB,45,45,10,4290,42900,2021-10-21
2021102105000172,JBLB,58,3,20,4260,85200,2021-10-21
2021102105000170,JBLB,58,34,10,4256.1,42561,2021-10-21
2021102105000169,JBLB,45,32,20,4300,86000,2021-10-21
2021102105000180,JBLB,3,29,10,4265,42650,2021-10-21
2021102105000179,JBLB,21,29,10,4265,42650,2021-10-21
2021102105000178,JBLB,59,29,10,4265,42650,2021-10-21
2021102105000191,JBLB,58,36,10,4275,42750,2021-10-21
2021102105000189,JBLB,45,35,10,4265,42650,2021-10-21
2021102105000188,JBLB,45,29,10,4265,42650,2021-10-21
2021102105000187,JBLB,58,58,10,4260,42600,2021-10-21
2021102105000199,JBLB,58,6,30,4275,128250,2021-10-21
2021102105000195,JBLB,43,56,10,4275.1,42751,2021-10-21
2021102105000194,JBLB,38,49,22,4290,94380,2021-10-21
2021102105000193,JBLB,58,52,10,4275,42750,2021-10-21
2021102105000205,JBLB,48,10,10,4290.1,42901,2021-10-21
2021102105000203,JBLB,59,49,10,4290,42900,2021-10-21
2021102105000202,JBLB,39,6,10,4261,42610,2021-10-21
2021102105000201,JBLB,1,6,10,4265,42650,2021-10-21
2021102105000200,JBLB,41,6,50,4270,213500,2021-10-21
2021102105000207,JBLB,45,32,10,4300,43000,2021-10-21
2021102105000219,JBLB,34,49,12,4340,52080,2021-10-21
2021102105000218,JBLB,34,49,68,4321,293828,2021-10-21
2021102105000217,JBLB,34,56,10,4321,43210,2021-10-21
2021102105000216,JBLB,34,8,10,4301,43010,2021-10-21
2021102105000215,JBLB,45,32,10,4300,43000,2021-10-21
2021102105000224,JBLB,48,6,10,4310,43100,2021-10-21
2021102105000239,JBLB,50,34,10,4305,43050,2021-10-21
2021102105000229,JBLB,58,45,10,4310,43100,2021-10-21
2021102105000268,JBLB,57,58,10,4301,43010,2021-10-21
2021102105000277,JBLB,57,41,10,4320,43200,2021-10-21
2021102105000274,JBLB,47,6,10,4302,43020,2021-10-21
2021102105000271,JBLB,58,33,200,4300,860000,2021-10-21
2021102105000270,JBLB,58,6,10,4300,43000,2021-10-21
2021102105000269,JBLB,57,6,10,4301,43010,2021-10-21
2021102104009322,KPCL,28,3,10,513,5130,2021-10-21
2021102104009286,LEC,47,6,100,300,30000,2021-10-21
2021102104009182,LEC,3,34,200,302,60400,2021-10-21
2021102104009143,LEC,47,35,110,300,33000,2021-10-21
2021102104009128,MEN,32,17,10,1067,10670,2021-10-21
2021102104009274,MEN,47,35,10,1085,10850,2021-10-21
2021102104009273,MEN,47,7,10,1083,10830,2021-10-21
2021102104009272,MEN,47,1,10,1080,10800,2021-10-21
2021102104009271,MEN,47,4,10,1080,10800,2021-10-21
2021102104009130,MEN,42,17,270,1065,287550,2021-10-21
2021102104009129,MEN,49,17,20,1066,21320,2021-10-21
2021102104009279,MEN,47,21,20,1090,21800,2021-10-21
2021102104009278,MEN,47,26,10,1090,10900,2021-10-21
2021102104009277,MEN,47,38,10,1090,10900,2021-10-21
2021102104009276,MEN,47,58,10,1085,10850,2021-10-21
2021102104009275,MEN,47,35,10,1085,10850,2021-10-21
2021102105000278,MKLB,44,4,10,1695,16950,2021-10-21
2021102105000273,MKLB,3,35,10,1680,16800,2021-10-21
2021102105000272,MKLB,3,4,10,1680,16800,2021-10-21
2021102105000164,MKLB,52,57,140,1680,235200,2021-10-21
2021102105000151,MKLB,52,21,40,1680,67200,2021-10-21
2021102105000150,MKLB,21,21,50,1680.1,84005,2021-10-21
2021102105000051,MKLB,34,57,90,1690,152100,2021-10-21
2021102105000050,MKLB,7,57,10,1690.1,16901,2021-10-21
2021102105000015,MKLB,21,4,10,1713,17130,2021-10-21
2021102105000011,MKLB,25,58,10,1680,16800,2021-10-21
2021102105000010,MKLB,25,14,10,1680,16800,2021-10-21
2021102105000124,MKLB,54,16,10,1681,16810,2021-10-21
2021102105000113,MKLB,54,40,10,1681,16810,2021-10-21
2021102105000095,MKLB,59,28,40,1681,67240,2021-10-21
2021102105000094,MKLB,7,28,10,1681.1,16811,2021-10-21
2021102105000077,MKLB,59,34,10,1681,16810,2021-10-21
2021102105000062,MKLB,34,28,10,1690,16900,2021-10-21
2021102105000144,MKLB,52,34,20,1680,33600,2021-10-21
2021102105000143,MKLB,48,34,80,1680,134400,2021-10-21
2021102105000142,MKLB,25,34,30,1680,50400,2021-10-21
2021102105000141,MKLB,21,34,70,1680.1,117607,2021-10-21
2021102105000138,MKLB,21,21,10,1680.1,16801,2021-10-21
2021102105000136,MKLB,21,57,50,1680.1,84005,2021-10-21
2021102104009282,NGPL,25,7,30,572,17160,2021-10-21
2021102104009281,NGPL,58,7,50,572,28600,2021-10-21
2021102104009238,NGPL,22,45,10,572.9,5729,2021-10-21
2021102104009192,NGPL,58,34,20,572,11440,2021-10-21
2021102104009164,NGPL,58,17,30,572,17160,2021-10-21
2021102104009163,NGPL,47,17,20,572,11440,2021-10-21
2021102104009234,NHDL,49,22,10,408,4080,2021-10-21
2021102104009241,NHPC,58,38,50,363.1,18155,2021-10-21
2021102104009209,NHPC,58,57,100,363.1,36310,2021-10-21
2021102104009205,NHPC,56,49,296,365,108040,2021-10-21
2021102104009204,NHPC,56,11,50,365,18250,2021-10-21
2021102104009203,NHPC,56,35,321,365,117165,2021-10-21
2021102104009202,NHPC,56,55,50,365,18250,2021-10-21
2021102104009201,NHPC,56,17,483,365,176295,2021-10-21
2021102104009200,NHPC,56,49,100,363.2,36320,2021-10-21
2021102104009324,NICL,44,22,95,756,71820,2021-10-21
2021102104009300,NICL,44,59,100,756,75600,2021-10-21
2021102104009217,OHL,34,34,32,480,15360,2021-10-21
2021102104009266,PIC,21,19,20,970,19400,2021-10-21
2021102104009199,PICL,45,20,70,630.8,44156,2021-10-21
2021102104009133,PMHPL,41,6,15,281,4215,2021-10-21
2021102104009207,PPCL,28,34,13,368,4784,2021-10-21
2021102104009123,PRIN,11,50,250,746,186500,2021-10-21
2021102104009125,RBCL,21,47,10,17500,175000,2021-10-21
2021102104009317,RHPC,38,16,20,619,12380,2021-10-21
2021102104009316,RHPC,38,56,20,614,12280,2021-10-21
2021102104009299,RHPC,32,56,10,614,6140,2021-10-21
2021102104009267,RHPL,42,32,100,340.1,34010,2021-10-21
2021102104009321,RRHP,28,16,10,470,4700,2021-10-21
2021102104009320,RRHP,16,51,1000,455,455000,2021-10-21
2021102104009294,RRHP,58,22,495,472.2,233739,2021-10-21
2021102104009293,RRHP,58,36,400,469,187600,2021-10-21
2021102104009292,RRHP,58,48,100,469,46900,2021-10-21
2021102104009291,RRHP,58,58,55,467,25685,2021-10-21
2021102104009159,RRHP,16,4,390,455,177450,2021-10-21
2021102104009122,RRHP,16,58,500,455,227500,2021-10-21
2021102104009226,RRHP,58,58,10,465,4650,2021-10-21
2021102104009225,RRHP,58,52,50,465,23250,2021-10-21
2021102104009224,RRHP,58,1,250,465,116250,2021-10-21
2021102104009223,RRHP,58,43,200,464,92800,2021-10-21
2021102104009222,RRHP,58,21,500,459.9,229950,2021-10-21
2021102104009212,RRHP,16,21,600,455,273000,2021-10-21
2021102104009290,RRHP,58,45,50,460,23000,2021-10-21
2021102104009249,RRHP,16,51,200,455,91000,2021-10-21
2021102104009233,RRHP,16,32,413,455,187915,2021-10-21
2021102104009229,RRHP,58,58,20,467,9340,2021-10-21
2021102104009228,RRHP,58,38,50,466.1,23305,2021-10-21
2021102104009227,RRHP,58,49,420,466,195720,2021-10-21
2021102104009183,SHEL,22,57,10,392,3920,2021-10-21
2021102104009196,SHL,3,25,900,219.1,197190,2021-10-21
2021102104009195,SHL,56,25,200,219.1,43820,2021-10-21
2021102104009194,SHL,5,25,100,219.1,21910,2021-10-21
2021102104009193,SHL,49,25,300,219.2,65760,2021-10-21
2021102104009162,SHPC,11,34,50,366,18300,2021-10-21
2021102104009142,SHPC,43,44,210,365,76650,2021-10-21
2021102104009141,SHPC,45,44,40,365,14600,2021-10-21
2021102104009124,SHPC,35,44,40,365,14600,2021-10-21
2021102104009206,SHPC,43,26,100,365,36500,2021-10-21
2021102104009252,SICL,35,8,55,1660,91300,2021-10-21
2021102104009251,SICL,22,8,25,1660,41500,2021-10-21
2021102104009250,SICL,6,8,10,1660,16600,2021-10-21
2021102104009255,SJCL,49,29,345,336.2,115989,2021-10-21
2021102104009253,SJCL,49,44,20,336.2,6724,2021-10-21
2021102105000288,SLI,21,58,10,515,5150,2021-10-21
2021102105000286,SLI,45,38,10,519,5190,2021-10-21
2021102105000285,SLI,45,49,10,519,5190,2021-10-21
2021102105000284,SLI,21,34,10,514,5140,2021-10-21
2021102105000001,SLI,39,49,10,530,5300,2021-10-21
2021102105000005,SLI,33,48,200,530,106000,2021-10-21
2021102105000004,SLI,39,58,10,530.1,5301,2021-10-21
2021102105000003,SLI,39,38,10,530,5300,2021-10-21
2021102105000002,SLI,39,48,10,530,5300,2021-10-21
2021102105000016,SLI,39,38,10,520,5200,2021-10-21
2021102105000024,SLI,39,38,10,520,5200,2021-10-21
2021102105000032,SLI,33,33,10,520,5200,2021-10-21
2021102105000031,SLI,33,42,10,520,5200,2021-10-21
2021102105000029,SLI,33,33,10,520,5200,2021-10-21
2021102105000028,SLI,38,38,10,525.8,5258,2021-10-21
2021102105000027,SLI,33,33,10,520,5200,2021-10-21
2021102105000039,SLI,33,52,10,520,5200,2021-10-21
2021102105000036,SLI,33,33,10,520,5200,2021-10-21
2021102105000035,SLI,33,36,10,520,5200,2021-10-21
2021102105000034,SLI,33,58,10,520,5200,2021-10-21
2021102105000033,SLI,33,33,10,520,5200,2021-10-21
2021102105000046,SLI,51,33,10,511,5110,2021-10-21
2021102105000045,SLI,39,49,10,520,5200,2021-10-21
2021102105000044,SLI,51,49,20,520,10400,2021-10-21
2021102105000043,SLI,33,49,100,520,52000,2021-10-21
2021102105000042,SLI,33,33,10,520,5200,2021-10-21
2021102105000055,SLI,49,33,10,511.5,5115,2021-10-21
2021102105000054,SLI,49,42,10,511.5,5115,2021-10-21
2021102105000053,SLI,51,33,10,511,5110,2021-10-21
2021102105000052,SLI,51,34,10,511,5110,2021-10-21
2021102105000049,SLI,51,33,10,511,5110,2021-10-21
2021102105000048,SLI,51,33,10,511,5110,2021-10-21
2021102105000066,SLI,17,33,10,512,5120,2021-10-21
2021102105000061,SLI,1,33,10,511.1,5111,2021-10-21
2021102105000059,SLI,39,33,10,511.5,5115,2021-10-21
2021102105000058,SLI,49,33,10,511.5,5115,2021-10-21
2021102105000057,SLI,49,33,10,511.5,5115,2021-10-21
2021102105000056,SLI,49,33,10,511.5,5115,2021-10-21
2021102105000074,SLI,1,33,10,512.1,5121,2021-10-21
2021102105000073,SLI,1,33,10,512.1,5121,2021-10-21
2021102105000071,SLI,1,19,10,512.1,5121,2021-10-21
2021102105000070,SLI,1,33,10,512.1,5121,2021-10-21
2021102105000068,SLI,1,36,10,512.1,5121,2021-10-21
2021102105000083,SLI,52,3,10,515,5150,2021-10-21
2021102105000081,SLI,6,44,10,513,5130,2021-10-21
2021102105000080,SLI,6,44,10,513,5130,2021-10-21
2021102105000078,SLI,35,50,10,512.2,5122,2021-10-21
2021102105000076,SLI,1,40,10,512.1,5121,2021-10-21
2021102105000090,SLI,21,34,10,515,5150,2021-10-21
2021102105000089,SLI,21,21,10,515,5150,2021-10-21
2021102105000084,SLI,21,34,10,515,5150,2021-10-21
2021102105000101,SLI,21,21,10,515,5150,2021-10-21
2021102105000109,SLI,21,35,10,515,5150,2021-10-21
2021102105000104,SLI,21,8,10,515,5150,2021-10-21
2021102105000112,SLI,21,21,10,515,5150,2021-10-21
2021102105000125,SLI,21,38,10,515,5150,2021-10-21
2021102105000134,SLI,34,49,10,516,5160,2021-10-21
2021102105000132,SLI,34,40,10,516,5160,2021-10-21
2021102105000126,SLI,34,38,10,516,5160,2021-10-21
2021102105000137,SLI,25,14,10,518,5180,2021-10-21
2021102105000135,SLI,21,21,10,515,5150,2021-10-21
2021102105000159,SLI,56,56,10,518,5180,2021-10-21
2021102105000158,SLI,56,34,10,518,5180,2021-10-21
2021102105000157,SLI,56,47,10,518,5180,2021-10-21
2021102105000156,SLI,56,1,10,517,5170,2021-10-21
2021102105000152,SLI,1,38,10,513.1,5131,2021-10-21
2021102105000167,SLI,1,38,10,513.1,5131,2021-10-21
2021102105000163,SLI,56,49,130,520,67600,2021-10-21
2021102105000162,SLI,56,7,10,519,5190,2021-10-21
2021102105000161,SLI,56,48,10,518,5180,2021-10-21
2021102105000160,SLI,56,58,10,518,5180,2021-10-21
2021102105000175,SLI,28,34,30,513,15390,2021-10-21
2021102105000174,SLI,6,34,180,513,92340,2021-10-21
2021102105000173,SLI,1,34,10,513.1,5131,2021-10-21
2021102105000183,SLI,28,48,10,513.1,5131,2021-10-21
2021102105000182,SLI,28,14,10,513,5130,2021-10-21
2021102105000176,SLI,28,33,10,513,5130,2021-10-21
2021102105000185,SLI,28,35,10,515,5150,2021-10-21
2021102105000184,SLI,28,38,10,515,5150,2021-10-21
2021102105000196,SLI,7,21,10,515,5150,2021-10-21
2021102105000192,SLI,58,48,10,515,5150,2021-10-21
2021102105000204,SLI,6,57,10,515,5150,2021-10-21
2021102105000213,SLI,17,48,10,515,5150,2021-10-21
2021102105000212,SLI,17,41,10,515,5150,2021-10-21
2021102105000211,SLI,17,39,10,512,5120,2021-10-21
2021102105000209,SLI,17,39,10,512,5120,2021-10-21
2021102105000208,SLI,45,39,10,513,5130,2021-10-21
2021102105000214,SLI,17,39,10,512,5120,2021-10-21
2021102105000226,SLI,55,41,10,515,5150,2021-10-21
2021102105000225,SLI,55,34,10,514,5140,2021-10-21
2021102105000222,SLI,17,49,10,512,5120,2021-10-21
2021102105000221,SLI,17,36,10,512,5120,2021-10-21
2021102105000220,SLI,17,26,10,512,5120,2021-10-21
2021102105000238,SLI,45,49,10,519,5190,2021-10-21
2021102105000237,SLI,45,49,10,519,5190,2021-10-21
2021102105000235,SLI,21,45,10,513,5130,2021-10-21
2021102105000227,SLI,55,40,10,519,5190,2021-10-21
2021102105000245,SLI,21,17,10,520,5200,2021-10-21
2021102105000244,SLI,21,17,10,520,5200,2021-10-21
2021102105000243,SLI,21,52,10,520,5200,2021-10-21
2021102105000242,SLI,21,49,264,520,137280,2021-10-21
2021102105000241,SLI,21,58,10,519.9,5199,2021-10-21
2021102105000240,SLI,21,49,10,519,5190,2021-10-21
2021102105000251,SLI,21,6,10,520,5200,2021-10-21
2021102105000250,SLI,21,6,10,520,5200,2021-10-21
2021102105000249,SLI,21,36,10,520,5200,2021-10-21
2021102105000248,SLI,21,40,10,520,5200,2021-10-21
2021102105000247,SLI,21,38,10,520,5200,2021-10-21
2021102105000246,SLI,21,29,10,520,5200,2021-10-21
2021102105000267,SLI,58,49,10,513.2,5132,2021-10-21
2021102105000255,SLI,21,49,10,520,5200,2021-10-21
2021102105000254,SLI,21,57,10,520,5200,2021-10-21
2021102105000253,SLI,21,22,10,520,5200,2021-10-21
2021102105000252,SLI,21,6,10,520,5200,2021-10-21
2021102105000276,SLI,58,7,10,513.2,5132,2021-10-21
2021102104009319,STC,58,41,10,6574,65740,2021-10-21
2021102104009213,STC,13,54,10,6500,65000,2021-10-21
2021102104009191,STC,39,37,10,6500,65000,2021-10-21
2021102104009325,TRH,57,50,10,346,3460,2021-10-21
2021102104009301,TRH,17,33,500,340,170000,2021-10-21
2021102104009270,TRH,45,50,10,346,3460,2021-10-21
2021102104009210,TRH,57,22,10,342,3420,2021-10-21
2021102105000282,ULI,43,25,10,561.3,5613,2021-10-21
2021102105000281,ULI,52,25,30,562,16860,2021-10-21
2021102105000280,ULI,34,25,50,562,28100,2021-10-21
2021102105000279,ULI,43,25,10,562.1,5621,2021-10-21
2021102105000275,ULI,43,14,10,562.1,5621,2021-10-21
2021102105000266,ULI,13,49,170,570,96900,2021-10-21
2021102105000040,ULI,38,40,10,566,5660,2021-10-21
2021102105000038,ULI,43,34,10,566.1,5661,2021-10-21
2021102105000025,ULI,43,49,10,565.1,5651,2021-10-21
2021102105000018,ULI,47,48,40,564,22560,2021-10-21
2021102105000017,ULI,43,48,10,564.1,5641,2021-10-21
2021102105000006,ULI,43,38,10,563,5630,2021-10-21
2021102105000067,ULI,34,1,10,570,5700,2021-10-21
2021102105000065,ULI,38,47,10,566,5660,2021-10-21
2021102105000064,ULI,34,8,10,567,5670,2021-10-21
2021102105000063,ULI,43,7,10,567,5670,2021-10-21
2021102105000060,ULI,38,38,10,566,5660,2021-10-21
2021102105000047,ULI,45,6,10,567,5670,2021-10-21
2021102105000093,ULI,59,43,10,567,5670,2021-10-21
2021102105000092,ULI,59,21,10,567,5670,2021-10-21
2021102105000088,ULI,43,21,10,567.1,5671,2021-10-21
2021102105000079,ULI,47,34,10,568,5680,2021-10-21
2021102105000072,ULI,59,35,10,567,5670,2021-10-21
2021102105000069,ULI,38,43,10,566,5660,2021-10-21
2021102105000128,ULI,59,38,10,567,5670,2021-10-21
2021102105000123,ULI,59,34,10,567,5670,2021-10-21
2021102105000122,ULI,59,35,10,567,5670,2021-10-21
2021102105000108,ULI,59,50,300,567,170100,2021-10-21
2021102105000107,ULI,59,48,40,567,22680,2021-10-21
2021102105000098,ULI,59,35,10,567,5670,2021-10-21
2021102105000153,ULI,59,38,10,567,5670,2021-10-21
2021102105000146,ULI,59,58,10,567,5670,2021-10-21
2021102105000140,ULI,59,35,10,567,5670,2021-10-21
2021102105000139,ULI,58,35,10,568,5680,2021-10-21
2021102105000133,ULI,59,21,10,567,5670,2021-10-21
2021102105000130,ULI,59,29,10,567,5670,2021-10-21
2021102105000181,ULI,7,19,10,566,5660,2021-10-21
2021102105000177,ULI,49,58,200,567,113400,2021-10-21
2021102105000171,ULI,59,26,10,567,5670,2021-10-21
2021102105000166,ULI,59,43,10,567,5670,2021-10-21
2021102105000165,ULI,59,38,10,567,5670,2021-10-21
2021102105000154,ULI,59,58,10,567,5670,2021-10-21
2021102105000210,ULI,59,39,10,562.5,5625,2021-10-21
2021102105000206,ULI,59,39,10,562.5,5625,2021-10-21
2021102105000198,ULI,47,58,30,567,17010,2021-10-21
2021102105000197,ULI,47,34,10,567,5670,2021-10-21
2021102105000190,ULI,47,58,10,567,5670,2021-10-21
2021102105000186,ULI,7,38,10,566,5660,2021-10-21
2021102105000233,ULI,55,6,10,565,5650,2021-10-21
2021102105000232,ULI,55,6,10,565,5650,2021-10-21
2021102105000231,ULI,55,6,10,565,5650,2021-10-21
2021102105000230,ULI,43,3,10,561.2,5612,2021-10-21
2021102105000228,ULI,29,14,10,561.1,5611,2021-10-21
2021102105000223,ULI,58,50,10,562,5620,2021-10-21
2021102105000259,ULI,13,14,10,567,5670,2021-10-21
2021102105000258,ULI,13,21,10,567,5670,2021-10-21
2021102105000257,ULI,13,58,10,567,5670,2021-10-21
2021102105000256,ULI,29,14,10,561.1,5611,2021-10-21
2021102105000236,ULI,29,45,10,561.1,5611,2021-10-21
2021102105000234,ULI,55,6,10,565,5650,2021-10-21
2021102105000265,ULI,13,36,10,569.5,5695,2021-10-21
2021102105000264,ULI,13,1,10,568,5680,2021-10-21
2021102105000263,ULI,13,48,10,568,5680,2021-10-21
2021102105000262,ULI,13,38,10,568,5680,2021-10-21
2021102105000261,ULI,13,25,10,567,5670,2021-10-21
2021102105000260,ULI,13,56,10,567,5670,2021-10-21
2021102104009315,UMHL,20,49,434,410,177940,2021-10-21
2021102104009314,UMHL,20,3,348,410,142680,2021-10-21
2021102104009313,UMHL,20,59,1500,409.9,614850,2021-10-21
2021102104009312,UMHL,20,40,170,409.9,69683,2021-10-21
2021102104009311,UMHL,20,43,25,408.9,10222.5,2021-10-21
2021102104009310,UMHL,20,3,200,408,81600,2021-10-21
2021102104009242,UMHL,58,3,300,406,121800,2021-10-21
2021102104009215,UMHL,50,46,200,406.1,81220,2021-10-21
2021102104009214,UMHL,58,8,225,406,91350,2021-10-21
2021102104009211,UMHL,58,58,70,406,28420,2021-10-21
2021102104009208,UMHL,58,18,500,406,203000,2021-10-21
2021102104009297,UMHL,55,58,100,406,40600,2021-10-21
2021102104009296,UMHL,53,58,20,406,8120,2021-10-21
2021102104009295,UMHL,58,58,9761,406,3962966,2021-10-21
2021102104009269,UMHL,58,45,100,406,40600,2021-10-21
2021102104009264,UMHL,58,46,300,406.1,121830,2021-10-21
2021102104009245,UMHL,58,59,1500,406,609000,2021-10-21
2021102104009309,UMHL,20,42,50,407,20350,2021-10-21
2021102104009308,UMHL,20,38,50,407,20350,2021-10-21
2021102104009307,UMHL,20,22,290,406.3,117827,2021-10-21
2021102104009306,UMHL,20,46,1700,406.1,690370,2021-10-21
2021102104009305,UMHL,20,17,114,406,46284,2021-10-21
2021102104009304,UMHL,20,58,119,406,48314,2021-10-21
2021102104009298,UMRH,57,45,10,470,4700,2021-10-21
2021102104009258,UNHPL,50,41,142,296,42032,2021-10-21
2021102104009257,UNHPL,6,41,180,296.2,53316,2021-10-21
2021102104009160,UNHPL,6,25,10,296.2,2962,2021-10-21
2021102104009318,UPCL,58,54,10,323.4,3234,2021-10-21
2021102104009232,UPCL,5,50,200,323.3,64660,2021-10-21
2021102104009140,UPCL,36,56,50,318,15900,2021-10-21
2021102104009303,UPPER,55,13,20,557,11140,2021-10-21
2021102104009302,UPPER,55,21,30,557,16710,2021-10-21
2021102104009243,UPPER,39,21,10,557,5570,2021-10-21
2021102104009181,UPPER,59,45,116,556,64496,2021-10-21
2021102104009180,UPPER,34,45,100,556,55600,2021-10-21
2021102104009167,UPPER,43,45,50,558,27900,2021-10-21
2021102104009173,UPPER,45,45,10,557,5570,2021-10-21
2021102104009172,UPPER,49,45,100,557,55700,2021-10-21
2021102104009171,UPPER,29,45,200,557.1,111420,2021-10-21
2021102104009170,UPPER,49,45,10,557.1,5571,2021-10-21
2021102104009169,UPPER,53,45,100,557.2,55720,2021-10-21
2021102104009168,UPPER,37,45,30,557.3,16719,2021-10-21
2021102104009179,UPPER,41,45,412,556.7,229360.4,2021-10-21
2021102104009178,UPPER,58,45,110,557,61270,2021-10-21
2021102104009177,UPPER,34,45,100,557,55700,2021-10-21
2021102104009176,UPPER,58,45,50,557,27850,2021-10-21
2021102104009175,UPPER,26,45,100,557,55700,2021-10-21
2021102104009174,UPPER,40,45,12,557,6684,2021-10-21
2021102104009104,AHPC,57,57,290,382,110780,2021-10-21
2021102104009103,AHPC,57,6,10,381,3810,2021-10-21
2021102104009069,AHPC,5,6,10,381,3810,2021-10-21
2021102104009062,AHPC,6,6,100,381,38100,2021-10-21
2021102104009061,AHPC,34,6,70,381,26670,2021-10-21
2021102104009060,AHPC,58,6,110,381,41910,2021-10-21
2021102104008728,AHPC,53,28,58,384,22272,2021-10-21
2021102104008716,AHPC,59,33,85,384.9,32716.5,2021-10-21
2021102104008748,AHPC,21,26,50,382.2,19110,2021-10-21
2021102104008747,AHPC,47,26,80,382.3,30584,2021-10-21
2021102104008746,AHPC,36,26,10,383,3830,2021-10-21
2021102104008745,AHPC,58,26,50,383,19150,2021-10-21
2021102104008744,AHPC,16,26,10,383,3830,2021-10-21
2021102104008729,AHPC,14,28,42,384,16128,2021-10-21
2021102104008754,AHPC,58,26,100,382,38200,2021-10-21
2021102104008753,AHPC,38,26,50,382,19100,2021-10-21
2021102104008752,AHPC,17,26,40,382,15280,2021-10-21
2021102104008751,AHPC,47,26,150,382.1,57315,2021-10-21
2021102104008750,AHPC,47,26,150,382.1,57315,2021-10-21
2021102104008749,AHPC,35,26,1000,382.2,382200,2021-10-21
2021102104008851,AHPC,56,34,1000,382.3,382300,2021-10-21
2021102104008759,AHPC,13,26,160,381,60960,2021-10-21
2021102104008758,AHPC,35,26,200,381,76200,2021-10-21
2021102104008757,AHPC,59,26,500,381,190500,2021-10-21
2021102104008756,AHPC,47,26,250,381,95250,2021-10-21
2021102104008755,AHPC,33,26,200,381,76200,2021-10-21
2021102104008921,AHPC,50,34,20,381,7620,2021-10-21
2021102104008912,AHPC,22,22,885,380,336300,2021-10-21
2021102104008911,AHPC,59,22,15,380.3,5704.5,2021-10-21
2021102104008910,AHPC,11,22,100,380.4,38040,2021-10-21
2021102104008891,AHPC,34,34,400,381,152400,2021-10-21
2021102104008852,AHPC,13,34,40,381,15240,2021-10-21
2021102104009050,AHPC,1,57,500,382,191000,2021-10-21
2021102104009023,AHPC,20,29,1000,381.1,381100,2021-10-21
2021102104008976,AHPC,25,33,259,384.9,99689.1,2021-10-21
2021102104008951,AHPC,58,25,50,381,19050,2021-10-21
2021102104008939,AHPC,58,34,40,381,15240,2021-10-21
2021102104008928,AHPC,20,34,1000,381,381000,2021-10-21
2021102104008637,AIL,46,52,10,670,6700,2021-10-21
2021102104009108,AKPL,13,49,50,450,22500,2021-10-21
2021102104009078,AKPL,45,49,50,450,22500,2021-10-21
2021102104009074,AKPL,33,49,15,450,6750,2021-10-21
2021102104009046,AKPL,52,19,138,449,61962,2021-10-21
2021102104009045,AKPL,11,19,50,450,22500,2021-10-21
2021102104009044,AKPL,35,19,10,450,4500,2021-10-21
2021102104008639,AKPL,58,54,263,450.1,118376.3,2021-10-21
2021102104008768,AKPL,35,32,33,450,14850,2021-10-21
2021102104008767,AKPL,5,32,57,450,25650,2021-10-21
2021102104008766,AKPL,58,32,110,450.1,49511,2021-10-21
2021102104008743,AKPL,58,16,100,450.1,45010,2021-10-21
2021102104008710,AKPL,58,58,10,450.1,4501,2021-10-21
2021102104008641,AKPL,50,39,10,453,4530,2021-10-21
2021102104008804,AKPL,57,17,10,450,4500,2021-10-21
2021102104008803,AKPL,32,17,30,450,13500,2021-10-21
2021102104008802,AKPL,13,17,300,450,135000,2021-10-21
2021102104008801,AKPL,8,17,500,450,225000,2021-10-21
2021102104008800,AKPL,35,17,167,450,75150,2021-10-21
2021102104008786,AKPL,35,43,50,450,22500,2021-10-21
2021102104008835,AKPL,52,17,50,450,22500,2021-10-21
2021102104008809,AKPL,39,17,60,450,27000,2021-10-21
2021102104008808,AKPL,6,17,50,450,22500,2021-10-21
2021102104008807,AKPL,25,17,100,450,45000,2021-10-21
2021102104008806,AKPL,40,17,100,450,45000,2021-10-21
2021102104008805,AKPL,20,17,100,450,45000,2021-10-21
2021102104008995,AKPL,35,49,20,450,9000,2021-10-21
2021102104008940,AKPL,58,50,56,450.1,25205.6,2021-10-21
2021102104008903,AKPL,52,26,50,451,22550,2021-10-21
2021102104008886,AKPL,58,26,220,450.1,99022,2021-10-21
2021102104008885,AKPL,58,39,40,450,18000,2021-10-21
2021102104008884,AKPL,58,17,184,450,82800,2021-10-21
2021102104009091,API,45,58,200,417,83400,2021-10-21
2021102104009090,API,45,14,100,417,41700,2021-10-21
2021102104009089,API,45,14,50,416.1,20805,2021-10-21
2021102104009088,API,45,25,10,416.1,4161,2021-10-21
2021102104009087,API,45,58,100,416,41600,2021-10-21
2021102104009086,API,45,38,700,416,291200,2021-10-21
2021102104008784,API,57,51,275,415,114125,2021-10-21
2021102104008721,API,57,19,150,415,62250,2021-10-21
2021102104008720,API,41,19,50,416.1,20805,2021-10-21
2021102104008681,API,41,32,100,415.2,41520,2021-10-21
2021102104008675,API,57,17,20,415,8300,2021-10-21
2021102104008647,API,57,44,11,415,4565,2021-10-21
2021102104008904,API,40,21,75,416,31200,2021-10-21
2021102104008895,API,40,32,100,416,41600,2021-10-21
2021102104008882,API,40,22,100,416,41600,2021-10-21
2021102104008845,API,40,26,200,416,83200,2021-10-21
2021102104008844,API,40,51,25,415,10375,2021-10-21
2021102104008785,API,16,51,200,415,83000,2021-10-21
2021102104008987,API,45,57,204,416,84864,2021-10-21
2021102104008945,API,53,57,146,416,60736,2021-10-21
2021102104008944,API,53,1,150,416,62400,2021-10-21
2021102104008943,API,53,59,54,416,22464,2021-10-21
2021102104008933,API,45,21,75,416,31200,2021-10-21
2021102104008932,API,45,35,500,416,208000,2021-10-21
2021102104009005,API,58,48,50,414,20700,2021-10-21
2021102104009004,API,32,48,35,414,14490,2021-10-21
2021102104009003,API,40,48,165,414.8,68442,2021-10-21
2021102104009002,API,45,48,301,414.8,124854.8,2021-10-21
2021102104009001,API,45,48,25,415,10375,2021-10-21
2021102104009000,API,45,48,70,415,29050,2021-10-21
2021102104009079,API,45,6,50,415,20750,2021-10-21
2021102104009039,API,45,6,200,415,83000,2021-10-21
2021102104009038,API,45,41,50,415,20750,2021-10-21
2021102104009008,API,21,48,409,413.1,168957.9,2021-10-21
2021102104009007,API,53,48,400,414,165600,2021-10-21
2021102104009006,API,21,48,50,414,20700,2021-10-21
2021102104009085,API,45,53,20,416,8320,2021-10-21
2021102104009084,API,45,49,200,416,83200,2021-10-21
2021102104009083,API,45,57,50,416,20800,2021-10-21
2021102104009082,API,45,53,100,415.5,41550,2021-10-21
2021102104009081,API,45,38,400,415,166000,2021-10-21
2021102104009080,API,45,21,20,415,8300,2021-10-21
2021102104008645,BARUN,59,41,100,369,36900,2021-10-21
2021102104008920,BBC,38,21,10,5150,51500,2021-10-21
2021102104009029,BPCL,57,22,50,466,23300,2021-10-21
2021102104008983,BPCL,32,22,10,466,4660,2021-10-21
2021102104008918,BPCL,57,59,66,465,30690,2021-10-21
2021102104008917,BPCL,29,59,40,465,18600,2021-10-21
2021102104008916,BPCL,13,59,20,465,9300,2021-10-21
2021102104008689,BPCL,16,54,35,465.1,16278.5,2021-10-21
2021102104008688,BPCL,21,54,50,465.2,23260,2021-10-21
2021102104008687,BPCL,35,54,15,465.5,6982.5,2021-10-21
2021102104008896,BPCL,49,32,20,465.3,9306,2021-10-21
2021102104008915,BPCL,55,59,129,465,59985,2021-10-21
2021102104008914,BPCL,16,59,65,465.1,30231.5,2021-10-21
2021102104008913,BPCL,42,59,18,465.2,8373.6,2021-10-21
2021102104008899,BPCL,42,47,202,465.2,93970.4,2021-10-21
2021102104008898,BPCL,53,47,20,465.2,9304,2021-10-21
2021102104008897,BPCL,53,32,30,465.2,13956,2021-10-21
2021102104009071,CGH,38,16,10,1278,12780,2021-10-21
2021102104008996,CGH,34,16,10,1277.5,12775,2021-10-21
2021102104008870,CGH,34,17,10,1277.5,12775,2021-10-21
2021102104008794,CGH,38,51,30,1278,38340,2021-10-21
2021102104008718,CGH,42,52,50,1278,63900,2021-10-21
2021102104008717,CGH,57,52,50,1278,63900,2021-10-21
2021102104008703,CGH,38,18,10,1279,12790,2021-10-21
2021102104008678,CGH,57,18,10,1279,12790,2021-10-21
2021102104009116,CHCL,1,16,10,568,5680,2021-10-21
2021102104009049,CHCL,29,16,10,568,5680,2021-10-21
2021102104009047,CHCL,42,16,10,568,5680,2021-10-21
2021102104009009,CHCL,25,16,70,568,39760,2021-10-21
2021102104008986,CHCL,57,16,100,568,56800,2021-10-21
2021102104008985,CHCL,38,16,11,568,6248,2021-10-21
2021102104008640,CHCL,26,47,10,569,5690,2021-10-21
2021102104008626,CHCL,34,47,90,569,51210,2021-10-21
2021102104008735,CHCL,1,57,20,568,11360,2021-10-21
2021102104008696,CHCL,7,57,50,568,28400,2021-10-21
2021102104008695,CHCL,48,57,10,568,5680,2021-10-21
2021102104008694,CHCL,35,57,20,569,11380,2021-10-21
2021102104008693,CHCL,35,47,740,569,421060,2021-10-21
2021102104008683,CHCL,38,47,20,569,11380,2021-10-21
2021102104008828,CHCL,50,20,159,574,91266,2021-10-21
2021102104008827,CHCL,36,1,10,575,5750,2021-10-21
2021102104008817,CHCL,58,1,20,575,11500,2021-10-21
2021102104008742,CHCL,50,8,90,574,51660,2021-10-21
2021102104008741,CHCL,50,41,51,572,29172,2021-10-21
2021102104008736,CHCL,1,41,20,572,11440,2021-10-21
2021102104008984,CHCL,55,16,20,569,11380,2021-10-21
2021102104008981,CHCL,26,1,10,575,5750,2021-10-21
2021102104008964,CHCL,52,1,40,575,23000,2021-10-21
2021102104008963,CHCL,52,7,60,574,34440,2021-10-21
2021102104008909,CHCL,35,26,500,570,285000,2021-10-21
2021102104008871,CHCL,1,1,20,575,11500,2021-10-21
2021102104009067,CHL,57,6,100,430,43000,2021-10-21
2021102104008962,CHL,35,8,100,430,43000,2021-10-21
2021102104008816,CHL,26,25,10,428.5,4285,2021-10-21
2021102104008930,DHPL,32,42,10,282,2820,2021-10-21
2021102104008814,DHPL,32,57,30,282,8460,2021-10-21
2021102104008725,DHPL,57,58,100,283,28300,2021-10-21
2021102104008948,EIC,44,11,16,616,9856,2021-10-21
2021102104008832,EIC,44,5,150,616,92400,2021-10-21
2021102104008831,EIC,13,5,400,617,246800,2021-10-21
2021102104008780,EIC,13,34,100,617,61700,2021-10-21
2021102104008865,GHL,6,38,50,301.1,15055,2021-10-21
2021102104009105,GIC,34,40,10,537,5370,2021-10-21
2021102104008682,GIC,53,59,10,533,5330,2021-10-21
2021102104008833,GIC,7,38,10,532.5,5325,2021-10-21
2021102104008834,GIMES1,32,44,2500,20.77,51925,2021-10-21
2021102104009077,GLH,43,40,251,385,96635,2021-10-21
2021102104009063,GLH,32,42,90,381.3,34317,2021-10-21
2021102104009066,HDHPC,48,39,385,276.5,106452.5,2021-10-21
2021102104008956,HDHPC,48,34,50,276,13800,2021-10-21
2021102104008955,HDHPC,48,6,40,276,11040,2021-10-21
2021102104008941,HDHPC,6,6,70,276,19320,2021-10-21
2021102104008876,HDHPC,48,48,220,275,60500,2021-10-21
2021102104008829,HDHPC,42,6,190,276,52440,2021-10-21
2021102104008760,HDHPC,42,8,10,276,2760,2021-10-21
2021102104008931,HGI,32,32,10,616,6160,2021-10-21
2021102104008874,HPPL,42,8,96,390,37440,2021-10-21
2021102104008873,HPPL,38,8,20,390,7800,2021-10-21
2021102104008872,HPPL,14,8,84,390,32760,2021-10-21
2021102104008847,HPPL,14,58,16,390,6240,2021-10-21
2021102104008846,HPPL,51,58,84,390,32760,2021-10-21
2021102104008799,HPPL,21,34,10,392,3920,2021-10-21
2021102104008631,HPPL,26,34,20,390,7800,2021-10-21
2021102104008630,HPPL,34,34,50,390.1,19505,2021-10-21
2021102104008629,HPPL,49,34,100,390.5,39050,2021-10-21
2021102104008628,HPPL,57,34,11,391,4301,2021-10-21
2021102104008627,HPPL,58,34,20,391,7820,2021-10-21
2021102104008622,HPPL,45,34,100,392,39200,2021-10-21
2021102104008657,HPPL,39,42,121,390,47190,2021-10-21
2021102104008636,HPPL,39,34,29,390,11310,2021-10-21
2021102104008635,HPPL,57,34,300,390,117000,2021-10-21
2021102104008634,HPPL,58,34,50,390,19500,2021-10-21
2021102104008633,HPPL,58,34,10,390,3900,2021-10-21
2021102104008632,HPPL,49,34,10,390,3900,2021-10-21
2021102104008715,HPPL,51,42,1000,390,390000,2021-10-21
2021102104008662,HPPL,51,42,196,390,76440,2021-10-21
2021102104008661,HPPL,36,42,50,390,19500,2021-10-21
2021102104008660,HPPL,45,42,42,390,16380,2021-10-21
2021102104008659,HPPL,57,42,11,390,4290,2021-10-21
2021102104008658,HPPL,3,42,80,390,31200,2021-10-21
2021102104009028,HURJA,42,1,10,405,4050,2021-10-21
2021102104009114,IGI,43,38,10,975,9750,2021-10-21
2021102104008772,IGI,25,34,10,963,9630,2021-10-21
2021102104008771,IGI,25,10,340,961,326740,2021-10-21
2021102104008824,IGI,25,5,50,970,48500,2021-10-21
2021102104008823,IGI,25,40,39,965,37635,2021-10-21
2021102104008822,IGI,25,35,500,965,482500,2021-10-21
2021102104008821,IGI,25,42,100,964,96400,2021-10-21
2021102104008820,IGI,25,34,107,963,103041,2021-10-21
2021102104008819,IGI,25,34,405,963,390015,2021-10-21
2021102104008826,IGI,25,42,279,977,272583,2021-10-21
2021102104008825,IGI,25,34,20,973,19460,2021-10-21
2021102104009058,JOSHI,33,38,20,282,5640,2021-10-21
2021102104008864,JOSHI,33,41,380,282,107160,2021-10-21
2021102104008863,JOSHI,58,41,20,282,5640,2021-10-21
2021102104008862,JOSHI,47,41,20,284,5680,2021-10-21
2021102104008855,JOSHI,58,41,20,286.5,5730,2021-10-21
2021102104008792,JOSHI,58,57,80,286.5,22920,2021-10-21
2021102104008791,JOSHI,49,57,20,286.6,5732,2021-10-21
2021102104008861,JOSHI,45,41,10,284.2,2842,2021-10-21
2021102104008860,JOSHI,41,41,100,285,28500,2021-10-21
2021102104008859,JOSHI,58,41,100,285,28500,2021-10-21
2021102104008858,JOSHI,22,41,20,285,5700,2021-10-21
2021102104008857,JOSHI,51,41,30,285,8550,2021-10-21
2021102104008856,JOSHI,22,41,100,286,28600,2021-10-21
2021102104008841,KEF,13,42,1500,9.56,14340,2021-10-21
2021102104008840,KEF,7,42,1000,9.57,9570,2021-10-21
2021102104009076,KKHC,16,52,10,298.9,2989,2021-10-21
2021102104009037,KKHC,1,41,300,296,88800,2021-10-21
2021102104008950,KKHC,58,11,24,296,7104,2021-10-21
2021102104008949,KKHC,49,11,17,297.5,5057.5,2021-10-21
2021102104009065,KPCL,42,49,10,513.6,5136,2021-10-21
2021102104009064,KPCL,42,49,10,513.7,5137,2021-10-21
2021102104008624,KPCL,32,59,10,514,5140,2021-10-21
2021102104008853,KPCL,32,4,20,514,10280,2021-10-21
2021102104008704,LEC,49,21,120,300,36000,2021-10-21
2021102104008646,LEC,33,21,70,300,21000,2021-10-21
2021102104008900,LEMF,41,50,10000,9.8,98000,2021-10-21
2021102104009026,LGIL,10,57,70,632,44240,2021-10-21
2021102104008783,LGIL,43,57,100,632,63200,2021-10-21
2021102104008699,LGIL,42,5,100,631.9,63190,2021-10-21
2021102104008697,LGIL,44,22,100,631,63100,2021-10-21
2021102104008924,MHNL,56,50,20,345,6900,2021-10-21
2021102104008923,MHNL,56,7,110,343,37730,2021-10-21
2021102104008733,MHNL,42,52,130,340.1,44213,2021-10-21
2021102104008781,NEF,17,44,966,10.72,10355.52,2021-10-21
2021102104009092,NGPL,47,49,50,572,28600,2021-10-21
2021102104009072,NGPL,47,40,80,572,45760,2021-10-21
2021102104009024,NGPL,52,45,100,572,57200,2021-10-21
2021102104008908,NGPL,26,32,20,573,11460,2021-10-21
2021102104008905,NGPL,52,45,100,572,57200,2021-10-21
2021102104009016,NHDL,56,22,300,407,122100,2021-10-21
2021102104008890,NHDL,56,34,70,407,28490,2021-10-21
2021102104008843,NHDL,38,22,50,408,20400,2021-10-21
2021102104008842,NHDL,38,41,150,408,61200,2021-10-21
2021102104008655,NHDL,49,21,200,408.1,81620,2021-10-21
2021102104009059,NHPC,58,50,300,363.1,108930,2021-10-21
2021102104009051,NHPC,52,49,100,363.2,36320,2021-10-21
2021102104009015,NHPC,58,47,5861,363.1,2128129.1,2021-10-21
2021102104009014,NHPC,33,47,139,363.2,50484.8,2021-10-21
2021102104008980,NHPC,33,21,61,363.2,22155.2,2021-10-21
2021102104008979,NHPC,44,21,50,364,18200,2021-10-21
2021102104008775,NHPC,38,45,241,363.5,87603.5,2021-10-21
2021102104008740,NHPC,5,49,10,364,3640,2021-10-21
2021102104008734,NHPC,38,47,300,363.5,109050,2021-10-21
2021102104008727,NHPC,58,49,200,364,72800,2021-10-21
2021102104008648,NHPC,38,56,781,363.5,283893.5,2021-10-21
2021102104008883,NHPC,21,20,100,364,36400,2021-10-21
2021102104008798,NHPC,21,42,100,364,36400,2021-10-21
2021102104008797,NHPC,21,49,70,364,25480,2021-10-21
2021102104008778,NHPC,34,49,20,364,7280,2021-10-21
2021102104008777,NHPC,32,45,684,363.4,248565.6,2021-10-21
2021102104008776,NHPC,41,45,275,363.5,99962.5,2021-10-21
2021102104008968,NHPC,6,17,17,365,6205,2021-10-21
2021102104008967,NHPC,6,51,13,365,4745,2021-10-21
2021102104008966,NHPC,6,59,100,364,36400,2021-10-21
2021102104008965,NHPC,6,34,150,364,54600,2021-10-21
2021102104008926,NHPC,34,34,20,364,7280,2021-10-21
2021102104008922,NHPC,21,34,30,364,10920,2021-10-21
2021102104008969,NIBLPF,34,44,505,10.37,5236.85,2021-10-21
2021102104008790,NIBSF1,58,20,500,11.64,5820,2021-10-21
2021102104009075,NICGF,6,19,3000,11.31,33930,2021-10-21
2021102104009043,NICL,44,42,150,756,113400,2021-10-21
2021102104008894,NICL,25,44,30,756.1,22683,2021-10-21
2021102104008653,NICL,25,32,170,756.1,128537,2021-10-21
2021102104008652,NICL,25,32,30,756.2,22686,2021-10-21
2021102104008902,NIL,51,53,10,1219,12190,2021-10-21
2021102104008867,NIL,54,38,50,1217,60850,2021-10-21
2021102104008813,NIL,44,45,80,1216,97280,2021-10-21
2021102104008812,NIL,51,45,10,1217,12170,2021-10-21
2021102104008680,NIL,53,53,100,1219,121900,2021-10-21
2021102104009048,NLG,17,58,50,847,42350,2021-10-21
2021102104008730,NLG,41,14,30,845,25350,2021-10-21
2021102104008868,NLG,29,26,50,845,42250,2021-10-21
2021102104008764,NLG,29,17,20,845,16900,2021-10-21
2021102104008763,NLG,29,56,27,845,22815,2021-10-21
2021102104008762,NLG,29,54,100,845,84500,2021-10-21
2021102104008761,NLG,29,14,173,845,146185,2021-10-21
2021102104008677,NMBHF1,37,44,1664,11,18304,2021-10-21
2021102104009101,OHL,14,34,18,480,8640,2021-10-21
2021102104008674,OHL,43,56,200,480,96000,2021-10-21
2021102104009021,PIC,11,37,50,980,49000,2021-10-21
2021102104008893,PIC,25,37,10,980,9800,2021-10-21
2021102104008892,PIC,25,57,20,979.9,19598,2021-10-21
2021102104008709,PIC,25,37,10,980,9800,2021-10-21
2021102104008708,PIC,25,6,100,979.9,97990,2021-10-21
2021102104008707,PIC,25,42,205,978,200490,2021-10-21
2021102104008706,PIC,25,36,10,977,9770,2021-10-21
2021102104009107,PICL,45,3,30,630.8,18924,2021-10-21
2021102104009106,PICL,36,3,20,632,12640,2021-10-21
2021102104008982,PMHPL,51,14,66,280,18480,2021-10-21
2021102104008621,PMHPL,51,6,100,281,28100,2021-10-21
2021102104009117,PRIN,7,38,10,750,7500,2021-10-21
2021102104009073,PRIN,34,38,10,750,7500,2021-10-21
2021102104009120,RADHI,51,17,146,522.2,76241.2,2021-10-21
2021102104009119,RADHI,48,17,18,523,9414,2021-10-21
2021102104009118,RADHI,43,17,86,523,44978,2021-10-21
2021102104009113,RADHI,19,34,10,528.5,5285,2021-10-21
2021102104009054,RADHI,43,4,136,523,71128,2021-10-21
2021102104009020,RADHI,43,41,28,523,14644,2021-10-21
2021102104009019,RADHI,29,41,10,523,5230,2021-10-21
2021102104009018,RADHI,52,41,12,523,6276,2021-10-21
2021102104009017,RADHI,22,41,50,523,26150,2021-10-21
2021102104008789,RADHI,3,40,49,522.5,25602.5,2021-10-21
2021102104008738,RADHI,3,21,11,522.5,5747.5,2021-10-21
2021102104009053,RHPC,44,56,138,610.1,84193.8,2021-10-21
2021102104009052,RHPC,35,56,300,613,183900,2021-10-21
2021102104009042,RHPC,35,38,200,613,122600,2021-10-21
2021102104008978,RHPC,44,36,30,610.1,18303,2021-10-21
2021102104008977,RHPC,42,36,70,610.1,42707,2021-10-21
2021102104008788,RHPC,5,56,450,614,276300,2021-10-21
2021102104008787,RHPC,35,56,520,618,321360,2021-10-21
2021102104008774,RHPC,35,36,150,618,92700,2021-10-21
2021102104008773,RHPC,35,50,130,618,80340,2021-10-21
2021102104008719,RHPC,5,38,50,614,30700,2021-10-21
2021102104009041,RHPL,21,5,30,341.9,10257,2021-10-21
2021102104008999,RHPL,42,38,50,340.1,17005,2021-10-21
2021102104008889,RHPL,16,5,10,341.9,3419,2021-10-21
2021102104008866,RHPL,42,22,40,340.1,13604,2021-10-21
2021102104009013,RRHP,58,32,20,457,9140,2021-10-21
2021102104009012,RRHP,42,32,100,457,45700,2021-10-21
2021102104008875,RRHP,48,4,10,460,4600,2021-10-21
2021102104008668,RRHP,16,1,270,455,122850,2021-10-21
2021102104008667,RRHP,34,1,100,455.2,45520,2021-10-21
2021102104008666,RRHP,45,1,10,456,4560,2021-10-21
2021102104008665,RRHP,13,1,100,457,45700,2021-10-21
2021102104008664,RRHP,42,1,10,457,4570,2021-10-21
2021102104008663,RRHP,49,1,10,458,4580,2021-10-21
2021102104008656,RRHP,57,4,200,460,92000,2021-10-21
2021102104009027,SAEF,59,50,100,12.81,1281,2021-10-21
2021102104008929,SAEF,57,50,5900,12.65,74635,2021-10-21
2021102104008724,SFMF,6,28,1900,10.72,20368,2021-10-21
2021102104008723,SFMF,6,49,1000,10.71,10710,2021-10-21
2021102104008722,SFMF,6,44,4988,10.7,53371.6,2021-10-21
2021102104008919,SGI,22,39,10,556,5560,2021-10-21
2021102104008907,SGI,58,38,10,555,5550,2021-10-21
2021102104008818,SGI,11,55,10,555.1,5551,2021-10-21
2021102104008769,SGI,11,21,10,555.1,5551,2021-10-21
2021102104008952,SHEL,17,56,10,389.1,3891,2021-10-21
2021102104008938,SHEL,17,38,10,389.1,3891,2021-10-21
2021102104008877,SHEL,17,13,200,389.1,77820,2021-10-21
2021102104008737,SHEL,17,51,10,389.1,3891,2021-10-21
2021102104008698,SHEL,17,36,10,389.1,3891,2021-10-21
2021102104009100,SHPC,35,57,60,365,21900,2021-10-21
2021102104009099,SHPC,35,57,20,365,7300,2021-10-21
2021102104009098,SHPC,11,57,100,365,36500,2021-10-21
2021102104009097,SHPC,43,57,10,365,3650,2021-10-21
2021102104009096,SHPC,5,57,20,365,7300,2021-10-21
2021102104008643,SHPC,45,48,824,366,301584,2021-10-21
2021102104008673,SHPC,32,34,50,366,18300,2021-10-21
2021102104008672,SHPC,45,34,100,366,36600,2021-10-21
2021102104008671,SHPC,44,34,200,366,73200,2021-10-21
2021102104008670,SHPC,45,34,224,366,81984,2021-10-21
2021102104008669,SHPC,58,26,50,368,18400,2021-10-21
2021102104008644,SHPC,45,48,76,366,27816,2021-10-21
2021102104008684,SHPC,43,34,10,366,3660,2021-10-21
2021102104008782,SHPC,45,57,3500,365,1277500,2021-10-21
2021102104008739,SHPC,45,48,1000,365,365000,2021-10-21
2021102104008925,SHPC,45,26,200,365,73000,2021-10-21
2021102104008953,SHPC,6,34,200,366,73200,2021-10-21
2021102104009095,SHPC,45,57,300,365,109500,2021-10-21
2021102104009068,SICL,57,4,10,1662,16620,2021-10-21
2021102104008954,SIL,29,29,12,820,9840,2021-10-21
2021102104008642,SIL,29,8,24,820,19680,2021-10-21
2021102104008927,SJCL,49,22,20,336.2,6724,2021-10-21
2021102104008854,SJCL,49,22,15,336.2,5043,2021-10-21
2021102104008961,SPDL,55,40,10,381,3810,2021-10-21
2021102104008705,SPDL,52,21,53,381,20193,2021-10-21
2021102104008994,SSHL,36,4,85,295,25075,2021-10-21
2021102104008993,SSHL,7,4,50,295,14750,2021-10-21
2021102104008992,SSHL,56,4,10,295,2950,2021-10-21
2021102104008991,SSHL,14,4,100,295,29500,2021-10-21
2021102104008990,SSHL,32,4,50,295,14750,2021-10-21
2021102104008989,SSHL,58,4,100,295,29500,2021-10-21
2021102104008988,SSHL,21,4,10,295,2950,2021-10-21
2021102104008906,SSHL,57,25,100,296,29600,2021-10-21
2021102104008811,SSHL,59,25,170,296,50320,2021-10-21
2021102104008810,SSHL,59,57,30,296,8880,2021-10-21
2021102104008970,TRH,17,50,378,340,128520,2021-10-21
2021102104008935,TRH,57,50,10,346,3460,2021-10-21
2021102104008934,TRH,57,22,12,344,4128,2021-10-21
2021102104008625,TRH,17,45,45,340,15300,2021-10-21
2021102104009057,UIC,25,35,10,570,5700,2021-10-21
2021102104009056,UIC,25,51,30,566,16980,2021-10-21
2021102104009055,UIC,25,41,80,563,45040,2021-10-21
2021102104008793,UIC,25,41,20,563,11260,2021-10-21
2021102104009115,UMHL,34,22,10,406.3,4063,2021-10-21
2021102104008638,UMHL,41,44,100,407.8,40780,2021-10-21
2021102104008712,UMHL,57,58,260,407,105820,2021-10-21
2021102104008711,UMHL,58,58,10,408,4080,2021-10-21
2021102104008701,UMHL,58,54,290,408,118320,2021-10-21
2021102104008700,UMHL,34,54,10,408,4080,2021-10-21
2021102104008679,UMHL,41,54,100,408,40800,2021-10-21
2021102104008880,UMHL,58,59,150,408.5,61275,2021-10-21
2021102104008878,UMHL,26,51,35,408,14280,2021-10-21
