contract,symbol,buyer,seller,qty,rate,amt,date
2021101703007908,NIFRA,51,47,75,360.0,27000.0,2021-10-17
2021101703007907,NIFRA,51,49,50,360.0,18000.0,2021-10-17
2021101703007906,NIFRA,51,45,20,360.0,7200.0,2021-10-17
2021101703007905,NIFRA,51,58,10,360.0,3600.0,2021-10-17
2021101703007904,NIFRA,51,35,10,360.0,3600.0,2021-10-17
2021101703007903,NIFRA,51,29,60,360.0,21600.0,2021-10-17
2021101703007902,NIFRA,51,46,50,360.0,18000.0,2021-10-17
2021101703007901,NIFRA,51,17,50,360.0,18000.0,2021-10-17
2021101703007900,NIFRA,51,20,75,360.0,27000.0,2021-10-17
2021101703007899,NIFRA,51,43,50,359.9,17995.0,2021-10-17
2021101703007898,NIFRA,51,6,50,359.8,17990.0,2021-10-17
2021101704005284,API,58,8,81,428.0,34668.0,2021-10-17
2021101704005283,API,48,8,25,428.0,10700.0,2021-10-17
2021101704005282,API,41,8,10,428.0,4280.0,2021-10-17
2021101704005281,API,7,8,40,428.0,17120.0,2021-10-17
2021101704005280,API,57,8,20,428.0,8560.0,2021-10-17
2021101704005279,API,45,8,50,428.0,21400.0,2021-10-17
2021101704005278,API,1,8,900,428.0,385200.0,2021-10-17
2021101703007897,ILBS,34,4,10,1740.0,17400.0,2021-10-17
2021101701006945,MKJC,57,47,10,444.0,4440.0,2021-10-17
2021101704005277,CHCL,7,33,199,603.0,119997.0,2021-10-17
2021101704005276,CHCL,57,33,50,603.0,30150.0,2021-10-17
2021101704005275,CHCL,50,33,10,603.0,6030.0,2021-10-17
2021101704005274,CHCL,54,33,20,605.0,12100.0,2021-10-17
2021101704005273,CHCL,46,33,100,605.0,60500.0,2021-10-17
2021101704005272,CHCL,54,33,100,605.1,60510.0,2021-10-17
2021101704005271,CHCL,57,33,16,605.2,9683.2,2021-10-17
2021101704005270,CHCL,14,33,20,606.0,12120.0,2021-10-17
2021101704005269,CHCL,21,33,85,607.0,51595.0,2021-10-17
2021101704005268,UMHL,56,32,10,422.9,4229.0,2021-10-17
2021101701006944,HDL,56,4,10,6899.0,68990.0,2021-10-17
2021101704005267,AKPL,50,17,15,480.0,7200.0,2021-10-17
2021101704005266,AKPL,50,44,50,479.9,23995.0,2021-10-17
2021101704005265,AKPL,50,8,42,479.0,20118.0,2021-10-17
2021101704005264,AKPL,50,26,10,476.0,4760.0,2021-10-17
2021101704005263,AKPL,50,13,60,475.0,28500.0,2021-10-17
2021101704005262,AKPL,50,34,823,474.1,390184.3,2021-10-17
2021101701006943,SANIMA,41,33,50,510.0,25500.0,2021-10-17
2021101703007896,FMDBL,37,32,10,905.0,9050.0,2021-10-17
2021101703007895,ICFC,17,57,290,670.2,194358.0,2021-10-17
2021101703007894,ICFC,58,57,10,715.0,7150.0,2021-10-17
2021101703007893,GBBL,57,57,98,575.0,56350.0,2021-10-17
2021101703007892,GBBL,57,45,102,575.0,58650.0,2021-10-17
2021101701006942,MBL,8,4,800,386.0,308800.0,2021-10-17
2021101701006941,MBL,16,4,200,386.1,77220.0,2021-10-17
2021101703007891,CHDC,57,49,10,820.0,8200.0,2021-10-17
2021101705001191,JBLB,28,36,10,4615.0,46150.0,2021-10-17
2021101705001190,JBLB,28,26,10,4615.0,46150.0,2021-10-17
2021101705001189,JBLB,28,38,10,4615.0,46150.0,2021-10-17
2021101704005261,NHPC,58,47,210,388.0,81480.0,2021-10-17
2021101704005260,NHPC,58,11,40,387.0,15480.0,2021-10-17
2021101703007890,LBBL,42,51,10,517.0,5170.0,2021-10-17
2021101703007889,LBBL,42,40,210,516.5,108465.0,2021-10-17
2021101704005259,AHPC,22,38,100,403.0,40300.0,2021-10-17
2021101703007888,ALICL,5,34,25,1175.0,29375.0,2021-10-17
2021101703007887,ALICL,33,34,55,1175.0,64625.0,2021-10-17
2021101703007886,ALICL,50,34,20,1187.0,23740.0,2021-10-17
2021101704005258,UMHL,10,32,10,422.9,4229.0,2021-10-17
2021101705001188,SLI,13,58,10,548.0,5480.0,2021-10-17
2021101705001187,SLI,13,45,40,548.0,21920.0,2021-10-17
2021101703007885,SLBBL,39,58,20,1555.0,31100.0,2021-10-17
2021101701006940,SBI,5,14,80,357.0,28560.0,2021-10-17
2021101701006939,SBI,5,37,10,356.8,3568.0,2021-10-17
2021101701006938,SBI,5,34,60,354.0,21240.0,2021-10-17
2021101701006937,SBI,5,10,50,353.5,17675.0,2021-10-17
2021101701006936,GBIME,49,19,20,399.5,7990.0,2021-10-17
2021101704005257,UMRH,57,21,10,505.0,5050.0,2021-10-17
2021101703007884,GRDBL,38,49,500,376.0,188000.0,2021-10-17
2021101703007883,HIDCL,20,45,484,306.0,148104.0,2021-10-17
2021101703007882,HIDCL,58,45,280,306.0,85680.0,2021-10-17
2021101703007881,HIDCL,43,45,20,307.0,6140.0,2021-10-17
2021101703007880,HIDCL,39,45,200,307.0,61400.0,2021-10-17
2021101703007879,HIDCL,14,45,200,307.0,61400.0,2021-10-17
2021101703007878,HIDCL,47,45,50,307.0,15350.0,2021-10-17
2021101703007877,HIDCL,49,45,20,307.0,6140.0,2021-10-17
2021101703007876,HIDCL,34,45,50,307.0,15350.0,2021-10-17
2021101703007875,HIDCL,17,45,90,307.0,27630.0,2021-10-17
2021101703007874,HIDCL,26,45,91,308.0,28028.0,2021-10-17
2021101703007873,HIDCL,55,45,30,308.0,9240.0,2021-10-17
2021101703007872,HIDCL,7,45,50,308.5,15425.0,2021-10-17
2021101701006935,MEGA,28,45,145,329.7,47806.5,2021-10-17
2021101703007871,NICLBSL,40,51,10,1130.0,11300.0,2021-10-17
2021101703007870,ACLBSL,6,7,25,1490.0,37250.0,2021-10-17
2021101701006934,NBB,22,37,63,412.0,25956.0,2021-10-17
2021101701006933,NBB,22,58,17,412.0,7004.0,2021-10-17
2021101704005256,RRHP,36,37,480,507.0,243360.0,2021-10-17
2021101703007869,SDLBSL,49,34,50,1836.0,91800.0,2021-10-17
2021101703007868,ICFC,28,58,1000,715.0,715000.0,2021-10-17
2021101703007867,SDLBSL,49,56,14,1836.0,25704.0,2021-10-17
2021101703007866,MNBBL,56,57,20,699.2,13984.0,2021-10-17
2021101703007865,SHINE,4,42,10,460.0,4600.0,2021-10-17
2021101703007864,SFCL,14,45,128,448.0,57344.0,2021-10-17
2021101703007863,SFCL,42,45,100,448.0,44800.0,2021-10-17
2021101703007862,SFCL,57,45,50,449.0,22450.0,2021-10-17
2021101703007861,SFCL,21,45,22,451.0,9922.0,2021-10-17
2021101703007860,SDLBSL,40,41,49,1837.0,90013.0,2021-10-17
2021101703007859,JBBL,6,32,90,491.0,44190.0,2021-10-17
2021101701006932,MKJC,57,3,10,444.0,4440.0,2021-10-17
2021101704005255,CMF1,55,35,100,10.0,1000.0,2021-10-17
2021101703007858,RLI,48,52,45,502.5,22612.5,2021-10-17
2021101703007857,RLI,56,52,20,503.0,10060.0,2021-10-17
2021101703007856,PLIC,34,37,100,838.0,83800.0,2021-10-17
2021101704005254,SIL,51,44,10,872.0,8720.0,2021-10-17
2021101701006931,MKJC,57,42,10,444.0,4440.0,2021-10-17
2021101704005253,BPCL,57,39,101,500.0,50500.0,2021-10-17
2021101704005252,GHL,50,52,50,345.0,17250.0,2021-10-17
2021101704005251,GHL,50,57,100,340.6,34060.0,2021-10-17
2021101704005250,GHL,50,13,290,340.0,98600.0,2021-10-17
2021101704005249,GHL,50,21,20,339.9,6798.0,2021-10-17
2021101704005248,GHL,50,33,90,339.6,30564.0,2021-10-17
2021101701006930,SRBL,14,58,170,312.0,53040.0,2021-10-17
2021101704005247,GLH,32,47,10,414.0,4140.0,2021-10-17
2021101704005246,GLH,32,45,10,413.0,4130.0,2021-10-17
2021101704005245,IGI,32,43,20,1030.0,20600.0,2021-10-17
2021101703007855,NLICL,50,57,50,962.1,48105.0,2021-10-17
2021101703007854,NLICL,37,57,200,962.1,192420.0,2021-10-17
2021101703007853,NUBL,45,45,240,1495.0,358800.0,2021-10-17
2021101703007852,NUBL,45,17,160,1493.0,238880.0,2021-10-17
2021101703007851,NUBL,18,45,100,1490.0,149000.0,2021-10-17
2021101703007850,NUBL,57,45,30,1490.0,44700.0,2021-10-17
2021101703007849,NUBL,46,45,100,1490.0,149000.0,2021-10-17
2021101703007848,NUBL,26,45,40,1490.0,59600.0,2021-10-17
2021101703007847,NUBL,45,45,30,1490.0,44700.0,2021-10-17
2021101703007846,NUBL,17,45,55,1490.0,81950.0,2021-10-17
2021101701006929,NMB,17,45,187,410.0,76670.0,2021-10-17
2021101701006928,NMB,17,37,298,410.0,122180.0,2021-10-17
2021101703007845,KSBBL,42,32,40,682.9,27316.0,2021-10-17
2021101703007844,SINDU,59,29,150,434.0,65100.0,2021-10-17
2021101704005244,CGH,29,57,100,1350.0,135000.0,2021-10-17
2021101704005243,RRHP,4,48,200,506.1,101220.0,2021-10-17
2021101704005242,API,1,38,100,428.0,42800.0,2021-10-17
2021101703007843,NMFBS,56,17,22,2963.0,65186.0,2021-10-17
2021101704005241,RHPL,42,51,40,347.0,13880.0,2021-10-17
2021101703007842,NSLB,57,57,100,1484.0,148400.0,2021-10-17
2021101703007841,NSLB,57,34,50,1481.0,74050.0,2021-10-17
2021101703007840,NSLB,57,21,50,1479.0,73950.0,2021-10-17
2021101704005240,LEC,38,49,200,335.0,67000.0,2021-10-17
2021101704005239,JOSHI,45,50,50,304.9,15245.0,2021-10-17
2021101701006927,NMB,58,37,300,410.0,123000.0,2021-10-17
2021101701006926,ADBL,25,29,300,507.9,152370.0,2021-10-17
2021101704005238,UIC,41,42,100,602.0,60200.0,2021-10-17
2021101703007839,GFCL,47,29,200,679.0,135800.0,2021-10-17
2021101701006925,PCBL,11,17,70,479.0,33530.0,2021-10-17
2021101703007838,NIFRA,34,4,72,359.0,25848.0,2021-10-17
2021101704005237,PPCL,47,19,370,406.7,150479.0,2021-10-17
2021101704005236,JOSHI,46,58,10,304.2,3042.0,2021-10-17
2021101705001186,JBLB,44,33,10,4615.0,46150.0,2021-10-17
2021101704005235,AHPC,5,38,210,403.0,84630.0,2021-10-17
2021101703007837,MLBL,57,58,350,583.0,204050.0,2021-10-17
2021101703007836,ILBS,18,16,12,1703.1,20437.2,2021-10-17
2021101703007835,JFL,42,57,10,594.0,5940.0,2021-10-17
2021101703007834,NRN,41,1,60,618.0,37080.0,2021-10-17
2021101703007833,MFIL,11,48,90,1050.0,94500.0,2021-10-17
2021101704005234,API,52,56,20,429.1,8582.0,2021-10-17
2021101701006924,EICPO,34,43,30,379.0,11370.0,2021-10-17
2021101704005233,SEF,43,35,1000,10.4,10400.0,2021-10-17
2021101701006923,MEGA,28,14,100,329.7,32970.0,2021-10-17
2021101701006922,MEGA,28,41,900,329.7,296730.0,2021-10-17
2021101704005232,UMRH,42,57,10,504.0,5040.0,2021-10-17
2021101701006921,BOKL,58,25,11,339.0,3729.0,2021-10-17
2021101701006920,BOKL,48,25,10,339.0,3390.0,2021-10-17
2021101701006919,BOKL,37,25,30,339.0,10170.0,2021-10-17
2021101703007832,MSLB,51,40,10,1950.0,19500.0,2021-10-17
2021101701006918,BOKL,46,25,20,339.0,6780.0,2021-10-17
2021101701006917,BOKL,51,25,25,339.0,8475.0,2021-10-17
2021101701006916,BOKL,48,25,10,339.0,3390.0,2021-10-17
2021101701006915,BOKL,42,25,14,339.0,4746.0,2021-10-17
2021101701006914,BOKL,57,25,20,339.1,6782.0,2021-10-17
2021101701006913,BOKL,7,25,20,340.0,6800.0,2021-10-17
2021101701006912,BOKL,49,25,20,340.0,6800.0,2021-10-17
2021101701006911,BOKL,40,25,20,340.0,6800.0,2021-10-17
2021101703007831,GMFBS,53,42,10,1515.0,15150.0,2021-10-17
2021101704005231,RRHP,41,42,10,512.0,5120.0,2021-10-17
2021101703007830,CIT,42,52,20,3372.0,67440.0,2021-10-17
2021101705001185,MKLB,36,52,10,1851.0,18510.0,2021-10-17
2021101705001184,SLI,37,34,10,545.0,5450.0,2021-10-17
2021101704005230,MEN,47,58,10,1115.0,11150.0,2021-10-17
2021101704005229,MEN,47,3,10,1114.0,11140.0,2021-10-17
2021101704005228,MEN,47,1,10,1100.0,11000.0,2021-10-17
2021101704005227,MEN,47,33,10,1100.0,11000.0,2021-10-17
2021101704005226,MEN,47,33,10,1100.0,11000.0,2021-10-17
2021101704005225,LEC,58,38,10,335.6,3356.0,2021-10-17
2021101703007829,MLBSL,14,57,10,5201.0,52010.0,2021-10-17
2021101703007828,MLBL,57,21,50,583.0,29150.0,2021-10-17
2021101703007827,MLBL,57,46,100,582.9,58290.0,2021-10-17
2021101701006910,MKJC,57,49,10,444.0,4440.0,2021-10-17
2021101703007826,RLI,20,32,10,504.0,5040.0,2021-10-17
2021101703007825,GFCL,47,54,325,679.0,220675.0,2021-10-17
2021101703007824,GFCL,57,54,50,679.1,33955.0,2021-10-17
2021101703007823,GFCL,42,54,20,680.0,13600.0,2021-10-17
2021101703007822,NRN,58,1,30,618.0,18540.0,2021-10-17
2021101703007821,NRN,58,44,60,618.0,37080.0,2021-10-17
2021101704005224,CHCL,21,49,15,607.0,9105.0,2021-10-17
2021101703007820,KSBBL,13,32,50,682.9,34145.0,2021-10-17
2021101701006909,MKJC,57,16,10,444.0,4440.0,2021-10-17
2021101705001183,SLI,37,11,10,545.0,5450.0,2021-10-17
2021101704005223,GIC,34,38,10,565.0,5650.0,2021-10-17
2021101701006908,NBL,38,33,80,484.0,38720.0,2021-10-17
2021101704005222,NIBSF1,50,4,2000,11.58,23160.0,2021-10-17
2021101703007819,CHDC,57,58,10,820.0,8200.0,2021-10-17
2021101703007818,SMFBS,48,32,10,2715.0,27150.0,2021-10-17
2021101703007817,MFIL,32,48,50,1050.0,52500.0,2021-10-17
2021101701006907,NBL,38,58,438,483.2,211641.6,2021-10-17
2021101701006906,NBL,41,58,50,483.3,24165.0,2021-10-17
2021101701006905,NBL,53,58,12,483.5,5802.0,2021-10-17
2021101703007816,FMDBL,21,38,20,910.0,18200.0,2021-10-17
2021101703007815,NIFRA,38,11,50,358.0,17900.0,2021-10-17
2021101703007814,PFL,28,52,280,590.0,165200.0,2021-10-17
2021101703007813,PFL,58,52,200,591.0,118200.0,2021-10-17
2021101703007812,PFL,42,52,20,592.0,11840.0,2021-10-17
2021101701006904,NMB,38,37,130,410.0,53300.0,2021-10-17
2021101704005221,GIMES1,58,4,2629,20.92,54998.68,2021-10-17
2021101703007811,FMDBL,37,16,50,905.0,45250.0,2021-10-17
2021101704005220,SHPC,1,57,185,383.0,70855.0,2021-10-17
2021101704005219,SHPC,47,57,50,383.0,19150.0,2021-10-17
2021101703007810,NLIC,57,4,130,1695.0,220350.0,2021-10-17
2021101703007809,NLIC,42,4,27,1695.0,45765.0,2021-10-17
2021101703007808,GRDBL,14,49,500,376.1,188050.0,2021-10-17
2021101703007807,ICFC,28,19,200,703.8,140760.0,2021-10-17
2021101703007806,ICFC,28,6,20,703.8,14076.0,2021-10-17
2021101703007805,ICFC,28,35,250,700.0,175000.0,2021-10-17
2021101703007804,ICFC,28,45,50,699.6,34980.0,2021-10-17
2021101703007803,ICFC,28,32,465,690.0,320850.0,2021-10-17
2021101703007802,ICFC,28,20,29,690.0,20010.0,2021-10-17
2021101703007801,ICFC,28,21,10,689.8,6898.0,2021-10-17
2021101703007800,ICFC,28,7,50,688.5,34425.0,2021-10-17
2021101703007799,ICFC,28,25,150,688.5,103275.0,2021-10-17
2021101703007798,ICFC,28,28,20,688.0,13760.0,2021-10-17
2021101703007797,ICFC,28,49,10,688.0,6880.0,2021-10-17
2021101703007796,ICFC,28,5,80,688.0,55040.0,2021-10-17
2021101703007795,ICFC,28,57,300,687.2,206160.0,2021-10-17
2021101703007794,ICFC,28,38,1000,687.2,687200.0,2021-10-17
2021101703007793,ICFC,28,1,200,686.4,137280.0,2021-10-17
2021101703007792,ICFC,28,28,1000,686.0,686000.0,2021-10-17
2021101703007791,ICFC,28,34,90,686.0,61740.0,2021-10-17
2021101703007790,ICFC,28,34,80,686.0,54880.0,2021-10-17
2021101703007789,ICFC,28,56,28,684.0,19152.0,2021-10-17
2021101703007788,ICFC,28,4,100,683.4,68340.0,2021-10-17
2021101703007787,ICFC,28,41,200,683.0,136600.0,2021-10-17
2021101703007786,ICFC,28,22,10,680.0,6800.0,2021-10-17
2021101703007785,ICFC,28,4,100,680.0,68000.0,2021-10-17
2021101703007784,ICFC,28,34,50,679.9,33995.0,2021-10-17
2021101703007783,ICFC,28,42,100,679.0,67900.0,2021-10-17
2021101703007782,ICFC,28,57,100,676.9,67690.0,2021-10-17
2021101703007781,ICFC,28,38,1000,676.9,676900.0,2021-10-17
2021101703007780,ICFC,28,45,100,675.8,67580.0,2021-10-17
2021101703007779,ICFC,28,57,1000,675.0,675000.0,2021-10-17
2021101703007778,ICFC,28,42,170,675.0,114750.0,2021-10-17
2021101703007777,ICFC,28,19,200,674.0,134800.0,2021-10-17
2021101703007776,ICFC,28,57,1900,673.9,1280410.0,2021-10-17
2021101703007775,ICFC,28,52,4000,673.9,2695600.0,2021-10-17
2021101704005218,SHL,26,45,100,226.9,22690.0,2021-10-17
2021101703007774,ICFC,28,38,1580,673.0,1063340.0,2021-10-17
2021101703007773,SIFC,45,58,140,470.0,65800.0,2021-10-17
2021101704005217,UPPER,39,57,20,603.0,12060.0,2021-10-17
2021101703007772,NIFRA,38,22,60,358.0,21480.0,2021-10-17
2021101704005216,NGPL,41,29,60,614.0,36840.0,2021-10-17
2021101704005215,NGPL,32,29,40,615.0,24600.0,2021-10-17
2021101703007771,FMDBL,37,59,10,905.0,9050.0,2021-10-17
2021101704005214,API,34,56,30,429.1,12873.0,2021-10-17
2021101703007770,MLBSL,47,43,10,5207.0,52070.0,2021-10-17
2021101703007769,ICFC,58,38,10,673.0,6730.0,2021-10-17
2021101703007768,ICFC,58,54,30,672.0,20160.0,2021-10-17
2021101703007767,ICFC,58,32,20,672.0,13440.0,2021-10-17
2021101701006903,NCCB,22,57,10,301.0,3010.0,2021-10-17
2021101705001182,JBLB,49,33,50,4615.0,230750.0,2021-10-17
2021101705001181,JBLB,49,58,50,4612.0,230600.0,2021-10-17
2021101701006902,MKJC,26,35,10,445.0,4450.0,2021-10-17
2021101703007766,NIFRA,45,4,30,359.0,10770.0,2021-10-17
2021101703007765,JBBL,45,48,120,492.0,59040.0,2021-10-17
2021101703007764,JBBL,45,40,100,492.0,49200.0,2021-10-17
2021101703007763,JBBL,45,55,40,492.0,19680.0,2021-10-17
2021101703007762,JBBL,45,38,40,492.0,19680.0,2021-10-17
2021101705001180,SLI,37,45,10,545.0,5450.0,2021-10-17
2021101701006901,CCBL,36,49,2700,239.0,645300.0,2021-10-17
2021101703007761,KSBBL,41,32,27,682.9,18438.3,2021-10-17
2021101705001179,SLI,37,11,10,545.0,5450.0,2021-10-17
2021101703007760,KMCDB,34,34,10,1210.7,12107.0,2021-10-17
2021101703007759,NTC,10,34,10,1022.0,10220.0,2021-10-17
2021101703007758,NTC,10,39,200,1022.0,204400.0,2021-10-17
2021101703007757,NTC,10,57,20,1021.9,20438.0,2021-10-17
2021101703007756,NTC,10,34,20,1020.0,20400.0,2021-10-17
2021101703007755,NTC,10,22,50,1019.9,50995.0,2021-10-17
2021101704005213,PPCL,47,52,30,406.0,12180.0,2021-10-17
2021101701006900,NICA,43,41,50,849.0,42450.0,2021-10-17
2021101704005212,MHNL,11,1,50,372.0,18600.0,2021-10-17
2021101704005211,MHNL,11,1,100,372.0,37200.0,2021-10-17
2021101701006899,SBI,45,44,925,350.1,323842.5,2021-10-17
2021101701006898,SBI,43,44,25,350.2,8755.0,2021-10-17
2021101701006897,SBI,58,44,50,351.0,17550.0,2021-10-17
2021101701006896,SBI,53,44,50,352.0,17600.0,2021-10-17
2021101704005210,AHPC,46,32,240,400.1,96024.0,2021-10-17
2021101704005209,AHPC,45,32,150,401.0,60150.0,2021-10-17
2021101704005208,AHPC,59,32,610,401.0,244610.0,2021-10-17
2021101703007754,NUBL,55,45,75,1490.1,111757.5,2021-10-17
2021101703007753,KSBBL,45,32,20,682.9,13658.0,2021-10-17
2021101701006895,EICPO,40,43,20,365.1,7302.0,2021-10-17
2021101703007752,VLBS,1,57,20,1669.9,33398.0,2021-10-17
2021101703007751,VLBS,1,57,18,1642.2,29559.6,2021-10-17
2021101703007750,HIDCL,42,44,20,309.0,6180.0,2021-10-17
2021101703007749,KSBBL,42,51,16,682.0,10912.0,2021-10-17
2021101703007748,KSBBL,40,51,24,682.0,16368.0,2021-10-17
2021101703007747,GMFIL,34,40,10,485.0,4850.0,2021-10-17
2021101703007746,ILBS,34,58,10,1730.0,17300.0,2021-10-17
2021101701006894,SANIMA,34,33,100,510.0,51000.0,2021-10-17
2021101703007745,VLBS,38,41,15,1620.0,24300.0,2021-10-17
2021101703007744,KRBL,38,13,10,430.0,4300.0,2021-10-17
2021101703007743,MFIL,38,48,120,1050.0,126000.0,2021-10-17
2021101703007742,MFIL,38,7,200,1049.9,209980.0,2021-10-17
2021101704005207,NHPC,38,47,1000,388.0,388000.0,2021-10-17
2021101703007741,FOWAD,56,50,100,2852.0,285200.0,2021-10-17
2021101703007740,FOWAD,48,50,50,2855.0,142750.0,2021-10-17
2021101703007739,FOWAD,43,50,20,2856.0,57120.0,2021-10-17
2021101703007738,FOWAD,58,50,18,2860.0,51480.0,2021-10-17
2021101704005206,KPCL,5,45,10,539.0,5390.0,2021-10-17
2021101704005205,AIL,33,57,30,705.1,21153.0,2021-10-17
2021101705001178,JBLB,28,45,10,4610.0,46100.0,2021-10-17
2021101703007737,GBLBS,51,34,10,1005.0,10050.0,2021-10-17
2021101703007736,NIFRA,10,22,20,358.9,7178.0,2021-10-17
2021101703007735,JSLBB,54,58,20,3420.0,68400.0,2021-10-17
2021101703007734,JSLBB,29,58,20,3425.0,68500.0,2021-10-17
2021101703007733,KSBBL,40,16,26,682.0,17732.0,2021-10-17
2021101703007732,KSBBL,29,16,100,682.0,68200.0,2021-10-17
2021101704005204,API,59,8,2000,429.0,858000.0,2021-10-17
2021101704005203,API,41,8,40,429.0,17160.0,2021-10-17
2021101704005202,API,58,8,5200,429.0,2230800.0,2021-10-17
2021101704005201,API,20,8,10,429.0,4290.0,2021-10-17
2021101704005200,API,8,8,136,429.0,58344.0,2021-10-17
2021101703007731,ALICL,50,43,20,1187.9,23758.0,2021-10-17
2021101704005199,UMRH,57,21,10,505.0,5050.0,2021-10-17
2021101704005198,UMRH,57,7,10,504.0,5040.0,2021-10-17
2021101703007730,BFC,49,32,125,429.0,53625.0,2021-10-17
2021101701006893,GBIME,49,21,103,399.0,41097.0,2021-10-17
2021101701006892,GBIME,38,21,25,399.0,9975.0,2021-10-17
2021101701006891,GBIME,21,21,100,399.0,39900.0,2021-10-17
2021101701006890,MKJC,57,22,10,444.0,4440.0,2021-10-17
2021101701006889,NBB,22,48,293,411.9,120686.7,2021-10-17
2021101703007729,HIDCL,55,44,10,309.0,3090.0,2021-10-17
2021101701006888,GBIME,58,19,20,399.0,7980.0,2021-10-17
2021101701006887,GBIME,38,19,10,399.0,3990.0,2021-10-17
2021101701006886,GBIME,22,19,50,399.0,19950.0,2021-10-17
2021101701006885,GBIME,51,19,50,399.0,19950.0,2021-10-17
2021101701006884,GBIME,16,19,62,399.0,24738.0,2021-10-17
2021101703007728,SAPDBL,57,47,500,361.0,180500.0,2021-10-17
2021101704005197,GLH,32,58,10,412.0,4120.0,2021-10-17
2021101704005196,NIBLPF,49,4,900,10.78,9702.0,2021-10-17
2021101705001177,JBLB,28,49,10,4610.0,46100.0,2021-10-17
2021101703007727,MERO,54,14,50,1389.9,69495.0,2021-10-17
2021101703007726,NRIC,26,58,10,1289.0,12890.0,2021-10-17
2021101701006883,NABIL,1,32,45,1482.0,66690.0,2021-10-17
2021101701006882,NABIL,1,1,56,1482.0,82992.0,2021-10-17
2021101701006881,NABIL,1,18,162,1480.0,239760.0,2021-10-17
2021101703007725,MNBBL,14,7,35,700.0,24500.0,2021-10-17
2021101703007724,MNBBL,14,59,165,700.0,115500.0,2021-10-17
2021101701006880,SANIMA,41,33,20,510.0,10200.0,2021-10-17
2021101704005195,HDHPC,29,1,10,304.0,3040.0,2021-10-17
2021101704005194,CGH,29,49,97,1350.0,130950.0,2021-10-17
2021101704005193,CGH,29,14,50,1349.0,67450.0,2021-10-17
2021101703007723,GBBL,34,45,50,575.0,28750.0,2021-10-17
2021101703007722,GBBL,34,52,50,573.0,28650.0,2021-10-17
2021101704005192,CGH,20,52,50,1345.0,67250.0,2021-10-17
2021101703007721,CFCL,38,35,10,499.0,4990.0,2021-10-17
2021101703007720,CFCL,38,54,30,495.0,14850.0,2021-10-17
2021101701006879,NABIL,38,18,20,1480.0,29600.0,2021-10-17
2021101701006878,PCBL,47,17,18,479.0,8622.0,2021-10-17
2021101701006877,KBL,7,54,418,288.0,120384.0,2021-10-17
2021101703007719,KSBBL,26,32,15,682.9,10243.5,2021-10-17
2021101703007718,NLBBL,49,58,35,1412.0,49420.0,2021-10-17
2021101703007717,KSBBL,25,46,100,683.0,68300.0,2021-10-17
2021101704005191,RADHI,29,16,12,565.0,6780.0,2021-10-17
2021101705001176,MKLB,36,52,10,1851.0,18510.0,2021-10-17
2021101704005190,RADHI,16,16,10,565.0,5650.0,2021-10-17
2021101704005189,AKPL,11,34,100,474.1,47410.0,2021-10-17
2021101701006876,SBI,52,10,50,353.5,17675.0,2021-10-17
2021101704005188,GIMES1,51,4,2000,20.92,41840.0,2021-10-17
2021101705001175,JBLB,19,14,20,4610.0,92200.0,2021-10-17
2021101705001174,JBLB,19,34,25,4610.0,115250.0,2021-10-17
2021101704005187,NIL,45,4,20,1288.0,25760.0,2021-10-17
2021101704005186,NIL,58,4,90,1290.0,116100.0,2021-10-17
2021101703007716,SDLBSL,57,41,100,1837.0,183700.0,2021-10-17
2021101704005185,NIL,58,4,10,1294.0,12940.0,2021-10-17
2021101704005184,NIL,13,4,10,1295.0,12950.0,2021-10-17
2021101704005183,KKHC,42,35,50,315.0,15750.0,2021-10-17
2021101704005182,KKHC,33,35,50,315.0,15750.0,2021-10-17
2021101703007715,BFC,54,17,16,430.0,6880.0,2021-10-17
2021101704005181,GIMES1,58,4,5000,20.92,104600.0,2021-10-17
2021101703007714,KSBBL,21,46,199,683.0,135917.0,2021-10-17
2021101703007713,KSBBL,21,57,301,683.0,205583.0,2021-10-17
2021101703007712,NICLBSL,34,21,125,1120.0,140000.0,2021-10-17
2021101703007711,NICLBSL,37,21,100,1120.1,112010.0,2021-10-17
2021101703007710,NICLBSL,50,21,30,1122.0,33660.0,2021-10-17
2021101703007709,NICLBSL,50,21,80,1122.1,89768.0,2021-10-17
2021101703007708,NTC,10,48,20,1019.0,20380.0,2021-10-17
2021101703007707,KRBL,38,51,20,429.0,8580.0,2021-10-17
2021101703007706,KRBL,38,6,480,425.0,204000.0,2021-10-17
2021101703007705,KRBL,38,48,15,424.0,6360.0,2021-10-17
2021101704005180,MEN,58,44,10,1092.7,10927.0,2021-10-17
2021101704005179,MEN,58,4,10,1092.7,10927.0,2021-10-17
2021101701006875,NBB,50,48,50,411.9,20595.0,2021-10-17
2021101701006874,SHIVM,19,34,10,1324.0,13240.0,2021-10-17
2021101704005178,LEC,11,49,30,335.0,10050.0,2021-10-17
2021101705001173,MKLB,36,58,10,1850.6,18506.0,2021-10-17
2021101703007704,MNBBL,25,59,50,700.0,35000.0,2021-10-17
2021101703007703,KSBBL,6,57,10,683.0,6830.0,2021-10-17
2021101704005177,SAEF,4,17,16000,12.57,201120.0,2021-10-17
2021101704005176,SAEF,51,17,4000,12.57,50280.0,2021-10-17
2021101704005175,SAEF,59,17,10000,12.58,125800.0,2021-10-17
2021101701006873,ADBL,55,45,50,507.5,25375.0,2021-10-17
2021101701006872,SRBL,34,58,100,312.0,31200.0,2021-10-17
2021101701006871,GBIME,38,8,83,399.9,33191.7,2021-10-17
2021101701006870,GBIME,38,44,75,399.5,29962.5,2021-10-17
2021101704005174,CHL,43,58,50,465.0,23250.0,2021-10-17
2021101703007702,MNBBL,57,41,100,699.1,69910.0,2021-10-17
2021101703007701,SKBBL,49,53,11,1773.9,19512.9,2021-10-17
2021101703007700,NLIC,42,25,20,1695.0,33900.0,2021-10-17
2021101703007699,NFS,58,1,30,515.0,15450.0,2021-10-17
2021101704005173,SHEL,36,28,10,407.0,4070.0,2021-10-17
2021101704005172,BPCL,42,39,50,501.0,25050.0,2021-10-17
2021101701006869,NMB,34,37,65,410.0,26650.0,2021-10-17
2021101704005171,OHL,47,29,100,500.0,50000.0,2021-10-17
2021101703007698,SMFBS,48,1,50,2711.0,135550.0,2021-10-17
2021101703007697,SMFBS,48,35,10,2700.0,27000.0,2021-10-17
2021101704005170,BBC,43,38,20,5250.0,105000.0,2021-10-17
2021101701006868,MKJC,57,38,10,444.0,4440.0,2021-10-17
2021101704005169,PICL,38,38,90,695.0,62550.0,2021-10-17
2021101704005168,HDHPC,57,58,70,304.0,21280.0,2021-10-17
2021101704005167,SSHL,36,29,10,325.1,3251.0,2021-10-17
2021101701006867,SCB,11,52,390,533.0,207870.0,2021-10-17
2021101701006866,SCB,11,13,100,532.5,53250.0,2021-10-17
2021101701006865,SCB,11,54,10,532.1,5321.0,2021-10-17
2021101701006864,GBIME,34,44,25,399.5,9987.5,2021-10-17
2021101701006863,EBL,55,34,10,714.0,7140.0,2021-10-17
2021101704005166,NHPC,58,47,20,388.0,7760.0,2021-10-17
2021101704005165,NHPC,38,47,300,388.0,116400.0,2021-10-17
2021101701006862,NABIL,6,18,87,1480.0,128760.0,2021-10-17
2021101704005164,PMHPL,13,53,10,297.8,2978.0,2021-10-17
2021101701006861,NICA,21,41,25,845.0,21125.0,2021-10-17
2021101703007696,MLBSL,57,43,10,5207.0,52070.0,2021-10-17
2021101703007695,CBBL,6,57,31,1770.0,54870.0,2021-10-17
2021101703007694,MLBL,58,32,100,580.0,58000.0,2021-10-17
2021101703007693,MLBL,56,32,170,580.0,98600.0,2021-10-17
2021101703007692,MLBL,34,32,21,581.0,12201.0,2021-10-17
2021101703007691,KSBBL,49,57,30,683.0,20490.0,2021-10-17
2021101703007690,CHDC,57,49,10,815.0,8150.0,2021-10-17
2021101701006860,CZBIL,45,13,50,318.0,15900.0,2021-10-17
2021101701006859,GBIME,33,6,50,399.1,19955.0,2021-10-17
2021101703007689,PLI,17,57,10,605.0,6050.0,2021-10-17
2021101701006858,NCCB,41,41,40,302.0,12080.0,2021-10-17
2021101703007688,JBBL,21,48,10,490.5,4905.0,2021-10-17
2021101703007687,NTC,10,51,300,1019.0,305700.0,2021-10-17
2021101701006857,NABIL,49,11,7,1481.0,10367.0,2021-10-17
2021101701006856,NABIL,38,11,13,1481.0,19253.0,2021-10-17
2021101701006855,NABIL,38,59,15,1481.0,22215.0,2021-10-17
2021101701006854,NABIL,38,52,22,1481.0,32582.0,2021-10-17
2021101703007686,CFCL,3,58,32,493.0,15776.0,2021-10-17
2021101704005163,OHL,10,18,50,504.0,25200.0,2021-10-17
2021101704005162,NHPC,5,59,10,389.0,3890.0,2021-10-17
2021101703007685,SHINE,49,42,10,460.0,4600.0,2021-10-17
2021101704005161,UMHL,46,28,100,415.2,41520.0,2021-10-17
2021101704005160,UMHL,49,28,200,415.3,83060.0,2021-10-17
2021101704005159,UMHL,59,28,200,416.0,83200.0,2021-10-17
2021101704005158,UMHL,47,28,500,416.0,208000.0,2021-10-17
2021101703007684,CBBL,6,3,200,1770.0,354000.0,2021-10-17
2021101703007683,CBBL,6,4,100,1770.0,177000.0,2021-10-17
2021101703007682,CBBL,6,21,70,1770.0,123900.0,2021-10-17
2021101703007681,MSLB,1,34,50,1970.0,98500.0,2021-10-17
2021101701006853,GBIME,41,44,100,399.5,39950.0,2021-10-17
2021101703007680,JFL,34,37,70,588.0,41160.0,2021-10-17
2021101703007679,JFL,7,37,10,588.0,5880.0,2021-10-17
2021101703007678,JFL,57,37,100,588.1,58810.0,2021-10-17
2021101703007677,JFL,4,37,150,588.1,88215.0,2021-10-17
2021101703007676,JFL,58,37,15,588.5,8827.5,2021-10-17
2021101703007675,JFL,58,37,10,588.5,5885.0,2021-10-17
2021101703007674,JFL,45,37,50,588.6,29430.0,2021-10-17
2021101703007673,JFL,7,37,10,588.6,5886.0,2021-10-17
2021101703007672,JFL,26,37,100,588.7,58870.0,2021-10-17
2021101703007671,JFL,54,37,35,590.0,20650.0,2021-10-17
2021101703007670,JFL,53,37,50,590.0,29500.0,2021-10-17
2021101703007669,CBBL,29,4,20,1770.0,35400.0,2021-10-17
2021101703007668,MLBL,34,33,79,581.0,45899.0,2021-10-17
2021101704005157,KKHC,58,4,57,317.5,18097.5,2021-10-17
2021101704005156,KKHC,58,58,20,317.4,6348.0,2021-10-17
2021101704005155,KKHC,58,34,40,317.4,12696.0,2021-10-17
2021101701006852,HDL,44,55,10,6881.0,68810.0,2021-10-17
2021101705001172,SLI,37,57,10,545.0,5450.0,2021-10-17
2021101701006851,NMB,45,37,49,410.0,20090.0,2021-10-17
2021101704005154,NGPL,32,58,70,615.0,43050.0,2021-10-17
2021101704005153,NGPL,11,58,30,615.0,18450.0,2021-10-17
2021101704005152,NGPL,34,58,100,615.0,61500.0,2021-10-17
2021101704005151,NGPL,46,58,100,615.0,61500.0,2021-10-17
2021101703007667,MLBL,56,41,30,580.0,17400.0,2021-10-17
2021101703007666,MLBL,42,41,10,580.0,5800.0,2021-10-17
2021101703007665,HIDCL,55,44,20,309.0,6180.0,2021-10-17
2021101701006850,ADBL,38,47,20,507.3,10146.0,2021-10-17
2021101703007664,ICFC,19,10,200,670.1,134020.0,2021-10-17
2021101703007663,ICFC,8,10,100,670.1,67010.0,2021-10-17
2021101703007662,ICFC,25,10,200,671.0,134200.0,2021-10-17
2021101701006849,CZBIL,41,13,300,318.0,95400.0,2021-10-17
2021101703007661,GBBL,57,57,490,572.0,280280.0,2021-10-17
2021101704005150,GIMES1,57,4,2000,20.92,41840.0,2021-10-17
2021101703007660,ICFC,45,32,80,672.0,53760.0,2021-10-17
2021101703007659,MLBL,45,33,100,581.0,58100.0,2021-10-17
2021101704005149,SHPC,35,57,15,384.0,5760.0,2021-10-17
2021101701006848,MKJC,57,35,10,444.0,4440.0,2021-10-17
2021101703007658,KSBBL,6,57,100,683.0,68300.0,2021-10-17
2021101704005148,UIC,50,16,100,603.0,60300.0,2021-10-17
2021101703007657,NLBBL,48,45,12,1413.0,16956.0,2021-10-17
2021101703007656,NLBBL,48,46,30,1413.0,42390.0,2021-10-17
2021101701006847,NICA,43,26,100,848.5,84850.0,2021-10-17
2021101703007655,NLIC,22,8,10,1698.0,16980.0,2021-10-17
2021101701006846,NABIL,6,4,133,1480.0,196840.0,2021-10-17
2021101701006845,NBB,59,32,200,411.0,82200.0,2021-10-17
2021101704005147,CGH,55,14,50,1349.0,67450.0,2021-10-17
2021101701006844,PRVU,45,47,50,400.0,20000.0,2021-10-17
2021101701006843,PRVU,45,58,50,399.5,19975.0,2021-10-17
2021101703007654,BFC,43,17,100,430.0,43000.0,2021-10-17
2021101703007653,BFC,20,17,50,430.0,21500.0,2021-10-17
2021101703007652,BFC,6,17,100,431.0,43100.0,2021-10-17
2021101703007651,BFC,47,17,50,431.0,21550.0,2021-10-17
2021101703007650,BFC,58,17,50,432.0,21600.0,2021-10-17
2021101701006842,PCBL,42,17,100,479.0,47900.0,2021-10-17
2021101703007649,BFC,48,17,100,432.0,43200.0,2021-10-17
2021101701006841,PCBL,21,17,35,479.0,16765.0,2021-10-17
2021101703007648,BFC,57,17,20,432.0,8640.0,2021-10-17
2021101704005146,SHL,51,45,300,226.9,68070.0,2021-10-17
2021101701006840,CZBIL,49,5,500,317.0,158500.0,2021-10-17
2021101704005145,NEF,17,4,7539,10.51,79234.89,2021-10-17
2021101704005144,NEF,29,4,5000,10.51,52550.0,2021-10-17
2021101704005143,NEF,49,4,10000,10.52,105200.0,2021-10-17
2021101704005142,NEF,1,4,5000,10.53,52650.0,2021-10-17
2021101701006839,CBL,55,49,20,243.0,4860.0,2021-10-17
2021101703007647,NUBL,39,45,29,1490.1,43212.9,2021-10-17
2021101703007646,NUBL,17,45,11,1490.1,16391.1,2021-10-17
2021101703007645,CFCL,3,45,106,493.0,52258.0,2021-10-17
2021101705001171,SLI,43,45,10,545.0,5450.0,2021-10-17
2021101703007644,CFCL,48,45,100,493.0,49300.0,2021-10-17
2021101703007643,ALICL,33,10,90,1175.1,105759.0,2021-10-17
2021101703007642,ALICL,19,10,10,1175.5,11755.0,2021-10-17
2021101704005141,STC,25,42,10,7806.0,78060.0,2021-10-17
2021101704005140,CGH,20,38,105,1345.0,141225.0,2021-10-17
2021101701006838,PCBL,36,39,30,480.0,14400.0,2021-10-17
2021101704005139,RHPL,34,51,10,347.0,3470.0,2021-10-17
2021101704005138,RHPL,38,51,30,347.0,10410.0,2021-10-17
2021101704005137,GLH,32,42,10,412.0,4120.0,2021-10-17
2021101703007641,RLI,20,34,10,504.0,5040.0,2021-10-17
2021101701006837,NABIL,42,52,68,1481.0,100708.0,2021-10-17
2021101701006836,SRBL,14,58,160,312.0,49920.0,2021-10-17
2021101703007640,CBBL,38,4,40,1770.0,70800.0,2021-10-17
2021101703007639,HIDCL,58,34,50,310.0,15500.0,2021-10-17
2021101703007638,NRIC,26,59,38,1289.0,48982.0,2021-10-17
2021101703007637,NRIC,35,59,27,1289.0,34803.0,2021-10-17
2021101703007636,CBBL,22,51,50,1769.2,88460.0,2021-10-17
2021101703007635,LBBL,51,6,95,514.0,48830.0,2021-10-17
2021101704005136,CHCL,41,41,10,607.0,6070.0,2021-10-17
2021101704005135,CHCL,41,44,10,607.0,6070.0,2021-10-17
2021101701006835,NABIL,6,34,80,1480.0,118400.0,2021-10-17
2021101701006834,NABIL,14,34,20,1480.0,29600.0,2021-10-17
2021101703007634,MFIL,38,18,100,1050.0,105000.0,2021-10-17
2021101701006833,PCBL,47,39,100,480.0,48000.0,2021-10-17
2021101701006832,PCBL,47,4,100,480.0,48000.0,2021-10-17
2021101703007633,MFIL,26,47,300,1049.5,314850.0,2021-10-17
2021101704005134,UMHL,58,32,10,422.9,4229.0,2021-10-17
2021101701006831,MEGA,28,16,100,329.7,32970.0,2021-10-17
2021101701006830,SHIVM,11,1,87,1306.4,113656.8,2021-10-17
2021101701006829,SHIVM,11,1,100,1306.5,130650.0,2021-10-17
2021101701006828,SHIVM,21,1,20,1310.0,26200.0,2021-10-17
2021101701006827,SHIVM,58,1,20,1310.0,26200.0,2021-10-17
2021101701006826,SHIVM,38,1,10,1310.0,13100.0,2021-10-17
2021101701006825,SHIVM,58,1,154,1310.0,201740.0,2021-10-17
2021101701006824,SHIVM,51,1,20,1320.0,26400.0,2021-10-17
2021101703007632,ICFC,41,38,400,673.0,269200.0,2021-10-17
2021101703007631,NICLBSL,17,57,10,1126.0,11260.0,2021-10-17
2021101703007630,MNBBL,57,40,40,699.1,27964.0,2021-10-17
2021101703007629,LBBL,51,10,490,514.0,251860.0,2021-10-17
2021101703007628,LBBL,51,52,400,514.0,205600.0,2021-10-17
2021101703007627,LBBL,51,21,15,512.5,7687.5,2021-10-17
2021101704005133,BPCL,51,39,50,501.0,25050.0,2021-10-17
2021101701006823,SANIMA,11,14,69,509.0,35121.0,2021-10-17
2021101701006822,SANIMA,14,14,100,509.1,50910.0,2021-10-17
2021101701006821,SANIMA,48,14,21,509.5,10699.5,2021-10-17
2021101701006820,SANIMA,17,14,10,509.6,5096.0,2021-10-17
2021101703007626,MFIL,26,1,58,1049.5,60871.0,2021-10-17
2021101701006819,CCBL,52,49,50,239.0,11950.0,2021-10-17
2021101701006818,CCBL,36,49,150,239.0,35850.0,2021-10-17
2021101701006817,CCBL,17,49,500,239.0,119500.0,2021-10-17
2021101701006816,CCBL,21,49,263,239.0,62857.0,2021-10-17
2021101701006815,CCBL,10,49,735,239.0,175665.0,2021-10-17
2021101701006814,CCBL,1,49,100,240.0,24000.0,2021-10-17
2021101701006813,CCBL,45,49,100,240.0,24000.0,2021-10-17
2021101701006812,CCBL,49,49,83,240.0,19920.0,2021-10-17
2021101701006811,CCBL,37,49,300,240.1,72030.0,2021-10-17
2021101701006810,MKJC,57,32,10,444.0,4440.0,2021-10-17
2021101703007625,NFS,58,58,20,515.0,10300.0,2021-10-17
2021101703007624,SABSL,42,38,15,2098.0,31470.0,2021-10-17
2021101701006809,SANIMA,11,33,481,510.0,245310.0,2021-10-17
2021101704005132,AKPL,50,1,500,474.9,237450.0,2021-10-17
2021101703007623,MNBBL,57,4,26,699.1,18176.6,2021-10-17
2021101701006808,EICPO,40,43,20,358.0,7160.0,2021-10-17
2021101703007622,GMFIL,45,34,490,480.0,235200.0,2021-10-17
2021101704005131,NLG,42,10,110,895.0,98450.0,2021-10-17
2021101703007621,NTC,10,57,365,1015.0,370475.0,2021-10-17
2021101704005130,NLG,19,10,390,895.0,349050.0,2021-10-17
2021101703007620,CBBL,47,4,50,1770.0,88500.0,2021-10-17
2021101703007619,MLBL,42,35,30,580.0,17400.0,2021-10-17
2021101705001170,JBLB,53,16,10,4601.0,46010.0,2021-10-17
2021101703007618,MLBL,42,49,200,580.0,116000.0,2021-10-17
2021101704005129,HDHPC,58,35,50,301.0,15050.0,2021-10-17
2021101701006807,SANIMA,41,56,200,509.9,101980.0,2021-10-17
2021101704005128,API,8,28,864,429.0,370656.0,2021-10-17
2021101704005127,API,45,28,36,429.0,15444.0,2021-10-17
2021101704005126,API,39,28,100,429.1,42910.0,2021-10-17
2021101705001169,ULI,57,57,300,585.0,175500.0,2021-10-17
2021101701006806,MEGA,45,41,40,324.9,12996.0,2021-10-17
2021101701006805,MEGA,45,41,10,324.9,3249.0,2021-10-17
2021101704005125,CGH,20,59,32,1345.0,43040.0,2021-10-17
2021101704005124,AKPL,58,34,107,475.0,50825.0,2021-10-17
2021101703007617,HIDCL,20,34,215,310.0,66650.0,2021-10-17
2021101701006804,GBIME,58,8,10,399.9,3999.0,2021-10-17
2021101703007616,LLBS,34,53,22,1850.0,40700.0,2021-10-17
2021101703007615,MLBSL,14,14,80,5201.0,416080.0,2021-10-17
2021101704005123,GIMES1,28,4,15820,20.9,330638.0,2021-10-17
2021101704005122,GIMES1,28,4,1680,20.9,35112.0,2021-10-17
2021101704005121,GIMES1,58,4,5000,20.9,104500.0,2021-10-17
2021101704005120,GIMES1,32,4,10000,20.9,209000.0,2021-10-17
2021101704005119,GIMES1,58,4,100,20.9,2090.0,2021-10-17
2021101704005118,GIMES1,57,4,400,20.9,8360.0,2021-10-17
2021101704005117,GIMES1,59,4,750,20.9,15675.0,2021-10-17
2021101704005116,GIMES1,59,4,750,20.9,15675.0,2021-10-17
2021101704005115,GIMES1,13,4,5000,20.9,104500.0,2021-10-17
2021101704005114,GIMES1,25,4,1000,20.91,20910.0,2021-10-17
2021101704005113,GIMES1,58,4,5000,20.91,104550.0,2021-10-17
2021101704005112,GIMES1,46,4,4000,20.91,83640.0,2021-10-17
2021101704005111,LUK,54,4,2600,9.68,25168.0,2021-10-17
2021101701006803,NBL,38,17,100,483.2,48320.0,2021-10-17
2021101701006802,NBL,21,17,100,483.5,48350.0,2021-10-17
2021101703007614,MLBL,14,33,171,581.0,99351.0,2021-10-17
2021101703007613,DDBL,45,48,10,1287.0,12870.0,2021-10-17
2021101701006801,NBL,38,33,100,484.0,48400.0,2021-10-17
2021101705001168,JBLB,36,40,10,4606.0,46060.0,2021-10-17
2021101701006800,KBL,44,22,50,287.0,14350.0,2021-10-17
2021101701006799,MKJC,57,57,10,444.0,4440.0,2021-10-17
2021101701006798,EBL,38,57,80,705.1,56408.0,2021-10-17
2021101701006797,EBL,56,57,120,710.0,85200.0,2021-10-17
2021101703007612,MNBBL,49,59,44,700.0,30800.0,2021-10-17
2021101703007611,FOWAD,49,51,25,2855.0,71375.0,2021-10-17
2021101704005110,AKPL,8,10,100,474.5,47450.0,2021-10-17
2021101704005109,AKPL,13,10,282,474.5,133809.0,2021-10-17
2021101701006796,MKJC,52,44,20,443.9,8878.0,2021-10-17
2021101704005108,RADHI,16,13,50,565.0,28250.0,2021-10-17
2021101704005107,RADHI,16,13,40,565.0,22600.0,2021-10-17
2021101704005106,RADHI,16,43,11,565.0,6215.0,2021-10-17
2021101703007610,GBBL,40,57,10,572.0,5720.0,2021-10-17
2021101703007609,MPFL,57,58,17,460.1,7821.7,2021-10-17
2021101701006795,SCB,25,42,29,532.0,15428.0,2021-10-17
2021101704005105,SHPC,57,57,20,384.0,7680.0,2021-10-17
2021101704005104,HDHPC,49,58,35,304.0,10640.0,2021-10-17
2021101704005103,HDHPC,49,57,50,304.0,15200.0,2021-10-17
2021101704005102,HDHPC,49,37,65,304.0,19760.0,2021-10-17
2021101704005101,KPCL,32,46,10,538.0,5380.0,2021-10-17
2021101704005100,KPCL,32,54,10,530.0,5300.0,2021-10-17
2021101704005099,GLH,32,16,10,410.0,4100.0,2021-10-17
2021101705001167,ULI,38,58,10,583.0,5830.0,2021-10-17
2021101704005098,NMB50,4,17,20000,11.53,230600.0,2021-10-17
2021101704005097,NMB50,6,17,10000,11.55,115500.0,2021-10-17
2021101703007608,PROFL,34,21,10,402.0,4020.0,2021-10-17
2021101704005096,NHPC,38,41,100,388.0,38800.0,2021-10-17
2021101704005095,NHPC,38,41,600,388.0,232800.0,2021-10-17
2021101703007607,SFCL,7,58,40,456.0,18240.0,2021-10-17
2021101701006794,MBL,8,50,644,386.0,248584.0,2021-10-17
2021101705001166,JBLB,53,57,10,4601.0,46010.0,2021-10-17
2021101703007606,RLFL,32,49,100,525.5,52550.0,2021-10-17
2021101703007605,KSBBL,6,57,159,683.0,108597.0,2021-10-17
2021101703007604,KSBBL,6,52,20,683.0,13660.0,2021-10-17
2021101703007603,KSBBL,6,50,200,683.0,136600.0,2021-10-17
2021101703007602,KSBBL,6,4,100,683.0,68300.0,2021-10-17
2021101703007601,KSBBL,6,35,15,682.9,10243.5,2021-10-17
2021101703007600,ICFC,22,38,10,673.0,6730.0,2021-10-17
2021101704005094,AHPC,22,39,10,405.0,4050.0,2021-10-17
2021101701006793,HDL,48,8,80,6900.0,552000.0,2021-10-17
2021101701006792,HDL,48,33,100,6899.0,689900.0,2021-10-17
2021101701006791,HDL,48,34,20,6889.9,137798.0,2021-10-17
2021101703007599,NTC,10,33,140,1000.0,140000.0,2021-10-17
2021101703007598,NTC,10,33,769,1000.0,769000.0,2021-10-17
2021101701006790,SANIMA,42,56,500,509.9,254950.0,2021-10-17
2021101704005093,GIMES1,57,4,1000,20.92,20920.0,2021-10-17
2021101701006789,HDL,32,4,10,6860.0,68600.0,2021-10-17
2021101701006788,HDL,56,4,40,6881.0,275240.0,2021-10-17
2021101704005092,UPCL,45,57,90,342.9,30861.0,2021-10-17
2021101703007597,SMFBS,14,35,100,2711.0,271100.0,2021-10-17
2021101704005091,RADHI,22,43,10,565.0,5650.0,2021-10-17
2021101704005090,SFMF,17,17,10000,10.81,108100.0,2021-10-17
2021101701006787,MKJC,48,35,10,444.0,4440.0,2021-10-17
2021101703007596,GILB,41,44,100,2265.0,226500.0,2021-10-17
2021101703007595,GILB,6,44,10,2265.0,22650.0,2021-10-17
2021101703007594,GILB,57,44,22,2265.0,49830.0,2021-10-17
2021101703007593,GILB,49,44,10,2266.0,22660.0,2021-10-17
2021101703007592,JLI,42,52,10,562.0,5620.0,2021-10-17
2021101701006786,NMB,22,37,20,410.0,8200.0,2021-10-17
2021101704005089,RURU,51,51,10,1045.0,10450.0,2021-10-17
2021101701006785,BOKL,49,41,20,340.0,6800.0,2021-10-17
2021101703007591,MFIL,26,48,10,1049.0,10490.0,2021-10-17
2021101701006784,MEGA,28,48,10,329.8,3298.0,2021-10-17
2021101701006783,NMB,58,37,20,410.0,8200.0,2021-10-17
2021101703007590,PLI,17,4,10,605.0,6050.0,2021-10-17
2021101703007589,KRBL,38,48,10,424.0,4240.0,2021-10-17
2021101703007588,KRBL,38,11,190,420.0,79800.0,2021-10-17
2021101703007587,LICN,25,50,66,2007.0,132462.0,2021-10-17
2021101704005088,SICL,45,57,25,1730.0,43250.0,2021-10-17
2021101703007586,CIT,14,19,50,3371.0,168550.0,2021-10-17
2021101701006782,PRVU,19,47,12,400.0,4800.0,2021-10-17
2021101704005087,API,39,26,400,429.1,171640.0,2021-10-17
2021101704005086,API,36,26,100,430.0,43000.0,2021-10-17
2021101703007585,NUBL,17,45,89,1490.1,132618.9,2021-10-17
2021101703007584,NUBL,26,45,11,1491.1,16402.1,2021-10-17
2021101701006781,PCBL,21,6,50,479.0,23950.0,2021-10-17
2021101701006780,GBIME,16,47,100,399.0,39900.0,2021-10-17
2021101703007583,MLBBL,44,49,46,2032.0,93472.0,2021-10-17
2021101703007582,MLBBL,44,49,100,2029.0,202900.0,2021-10-17
2021101703007581,MLBBL,44,36,24,2028.0,48672.0,2021-10-17
2021101703007580,MLBBL,44,51,30,2027.9,60837.0,2021-10-17
2021101703007579,MLBBL,44,42,200,2027.0,405400.0,2021-10-17
2021101703007578,MLBBL,44,38,100,2026.0,202600.0,2021-10-17
2021101701006779,CBL,56,49,10,243.0,2430.0,2021-10-17
2021101703007577,KMCDB,52,57,50,1187.0,59350.0,2021-10-17
2021101703007576,KMCDB,49,57,50,1206.0,60300.0,2021-10-17
2021101703007575,KMCDB,17,57,100,1215.0,121500.0,2021-10-17
2021101703007574,KMCDB,33,57,100,1217.0,121700.0,2021-10-17
2021101703007573,KMCDB,35,57,50,1217.1,60855.0,2021-10-17
2021101704005085,LUK,54,4,10000,9.68,96800.0,2021-10-17
2021101704005084,LUK,48,4,3000,9.68,29040.0,2021-10-17
2021101704005083,LUK,43,4,3000,9.69,29070.0,2021-10-17
2021101704005082,LUK,16,4,500,9.69,4845.0,2021-10-17
2021101704005081,STC,49,58,10,7811.0,78110.0,2021-10-17
2021101701006778,CZBIL,38,13,400,316.1,126440.0,2021-10-17
2021101701006777,CZBIL,19,13,70,316.5,22155.0,2021-10-17
2021101701006776,CZBIL,45,13,30,316.8,9504.0,2021-10-17
2021101704005080,AKPL,17,34,20,475.0,9500.0,2021-10-17
2021101701006775,SBL,32,34,85,459.0,39015.0,2021-10-17
2021101703007572,GMFIL,34,34,10,480.0,4800.0,2021-10-17
2021101701006774,SBL,46,34,115,459.1,52796.5,2021-10-17
2021101701006773,ADBL,51,47,30,507.3,15219.0,2021-10-17
2021101703007571,NIFRA,41,32,20,358.0,7160.0,2021-10-17
2021101704005079,RURU,43,51,40,1045.0,41800.0,2021-10-17
2021101701006772,GBIME,38,8,90,399.9,35991.0,2021-10-17
2021101701006771,GBIME,38,40,60,399.8,23988.0,2021-10-17
2021101703007570,SINDU,59,48,10,434.0,4340.0,2021-10-17
2021101703007569,MLBSL,57,14,10,5201.1,52011.0,2021-10-17
2021101703007568,CBBL,55,4,48,1769.1,84916.8,2021-10-17
2021101703007567,CBBL,49,4,25,1769.5,44237.5,2021-10-17
2021101704005078,NIBSF2,40,42,311,9.54,2966.94,2021-10-17
2021101705001165,ULI,45,58,10,587.0,5870.0,2021-10-17
2021101704005077,CGH,45,59,10,1345.0,13450.0,2021-10-17
2021101701006770,LBL,45,8,17,330.0,5610.0,2021-10-17
2021101704005076,API,52,58,30,430.1,12903.0,2021-10-17
2021101704005075,UMRH,56,57,10,494.0,4940.0,2021-10-17
2021101703007566,BFC,57,26,30,432.0,12960.0,2021-10-17
2021101703007565,BFC,33,26,20,432.0,8640.0,2021-10-17
2021101701006769,NBB,59,1,245,411.0,100695.0,2021-10-17
2021101701006768,NBB,42,1,30,411.0,12330.0,2021-10-17
2021101703007564,NLIC,21,41,20,1695.0,33900.0,2021-10-17
2021101703007563,NLIC,3,41,10,1695.0,16950.0,2021-10-17
2021101701006767,SANIMA,29,33,210,510.0,107100.0,2021-10-17
2021101704005074,GIMES1,13,4,200,20.92,4184.0,2021-10-17
2021101701006766,CBL,25,49,30,243.0,7290.0,2021-10-17
2021101701006765,CBL,41,49,20,243.0,4860.0,2021-10-17
2021101701006764,CBL,17,49,100,243.0,24300.0,2021-10-17
2021101701006763,CBL,34,49,1000,243.0,243000.0,2021-10-17
2021101701006762,CBL,13,49,245,243.0,59535.0,2021-10-17
2021101701006761,CBL,48,49,985,243.1,239453.5,2021-10-17
2021101701006760,CBL,45,49,700,243.2,170240.0,2021-10-17
2021101701006759,CBL,25,49,300,243.3,72990.0,2021-10-17
2021101701006758,CBL,35,49,20,244.0,4880.0,2021-10-17
2021101701006757,CBL,45,49,20,244.0,4880.0,2021-10-17
2021101701006756,CBL,13,49,400,244.0,97600.0,2021-10-17
2021101701006755,CBL,53,49,500,244.0,122000.0,2021-10-17
2021101701006754,CBL,3,49,100,244.0,24400.0,2021-10-17
2021101701006753,CBL,47,49,50,244.0,12200.0,2021-10-17
2021101701006752,CBL,42,49,10,244.0,2440.0,2021-10-17
2021101701006751,CBL,42,49,200,244.0,48800.0,2021-10-17
2021101701006750,CBL,19,49,400,244.0,97600.0,2021-10-17
2021101701006749,CBL,57,49,100,244.0,24400.0,2021-10-17
2021101703007562,SHINE,49,34,15,458.0,6870.0,2021-10-17
2021101701006748,CBL,33,49,622,244.0,151768.0,2021-10-17
2021101703007561,CFCL,21,45,100,494.0,49400.0,2021-10-17
2021101703007560,CFCL,38,45,100,494.0,49400.0,2021-10-17
2021101701006747,MEGA,45,49,40,324.9,12996.0,2021-10-17
2021101703007559,CFCL,38,45,94,495.0,46530.0,2021-10-17
2021101703007558,LICN,25,33,50,1990.0,99500.0,2021-10-17
2021101703007557,LICN,25,7,10,1976.0,19760.0,2021-10-17
2021101703007556,LICN,25,25,11,1973.7,21710.7,2021-10-17
2021101703007555,LICN,25,34,10,1973.0,19730.0,2021-10-17
2021101703007554,LICN,25,25,50,1972.0,98600.0,2021-10-17
2021101703007553,LICN,25,56,50,1970.0,98500.0,2021-10-17
2021101703007552,LICN,25,58,290,1969.0,571010.0,2021-10-17
2021101703007551,LICN,25,1,30,1968.4,59052.0,2021-10-17
2021101703007550,LICN,25,41,10,1968.4,19684.0,2021-10-17
2021101703007549,LICN,25,35,200,1968.0,393600.0,2021-10-17
2021101703007548,LICN,25,49,10,1968.0,19680.0,2021-10-17
2021101703007547,LICN,25,19,40,1968.0,78720.0,2021-10-17
2021101703007546,LICN,25,40,173,1968.0,340464.0,2021-10-17
2021101701006746,KBL,3,54,82,288.0,23616.0,2021-10-17
2021101701006745,KBL,3,38,18,288.0,5184.0,2021-10-17
2021101703007545,RSDC,34,11,18,853.8,15368.4,2021-10-17
2021101703007544,RSDC,34,34,72,853.6,61459.2,2021-10-17
2021101703007543,RSDC,34,34,42,853.0,35826.0,2021-10-17
2021101703007542,RSDC,34,54,30,845.0,25350.0,2021-10-17
2021101703007541,RSDC,34,44,200,842.0,168400.0,2021-10-17
2021101704005073,HGI,34,5,43,657.9,28289.7,2021-10-17
2021101703007540,RSDC,34,57,18,842.0,15156.0,2021-10-17
2021101704005072,HGI,34,45,56,657.9,36842.4,2021-10-17
2021101701006744,MBL,34,50,1000,386.0,386000.0,2021-10-17
2021101703007539,RSDC,34,21,30,841.0,25230.0,2021-10-17
2021101704005071,HGI,34,20,101,657.9,66447.9,2021-10-17
2021101701006743,MEGA,28,49,10,324.9,3249.0,2021-10-17
2021101701006742,NBB,55,48,50,411.9,20595.0,2021-10-17
2021101701006741,GBIME,16,58,50,399.0,19950.0,2021-10-17
2021101703007538,HIDCL,20,58,55,310.0,17050.0,2021-10-17
2021101703007537,MLBL,34,33,50,581.0,29050.0,2021-10-17
2021101701006740,NMB,47,37,50,410.0,20500.0,2021-10-17
2021101704005070,CGH,20,53,15,1344.0,20160.0,2021-10-17
2021101703007536,ALBSL,36,14,25,1681.0,42025.0,2021-10-17
2021101703007535,ALBSL,57,14,40,1683.0,67320.0,2021-10-17
2021101703007534,ALBSL,39,14,20,1683.0,33660.0,2021-10-17
2021101703007533,ALBSL,17,14,290,1685.0,488650.0,2021-10-17
2021101703007532,ALBSL,41,14,50,1690.0,84500.0,2021-10-17
2021101703007531,ALBSL,41,14,50,1695.0,84750.0,2021-10-17
2021101703007530,ALBSL,56,14,20,1700.0,34000.0,2021-10-17
2021101703007529,ALBSL,36,14,50,1700.0,85000.0,2021-10-17
2021101703007528,ALBSL,3,14,100,1700.1,170010.0,2021-10-17
2021101703007527,ALBSL,57,14,100,1700.5,170050.0,2021-10-17
2021101703007526,ALBSL,46,14,10,1710.0,17100.0,2021-10-17
2021101703007525,ALBSL,45,14,25,1710.0,42750.0,2021-10-17
2021101703007524,ALBSL,8,14,50,1710.0,85500.0,2021-10-17
2021101703007523,ALBSL,8,14,10,1710.0,17100.0,2021-10-17
2021101703007522,ALBSL,53,14,20,1712.0,34240.0,2021-10-17
2021101703007521,ALBSL,57,14,10,1715.0,17150.0,2021-10-17
2021101703007520,ALBSL,20,14,23,1715.0,39445.0,2021-10-17
2021101703007519,ALBSL,43,14,100,1717.0,171700.0,2021-10-17
2021101703007518,ALBSL,45,14,50,1720.0,86000.0,2021-10-17
2021101703007517,ALBSL,13,14,25,1725.0,43125.0,2021-10-17
2021101703007516,ALBSL,17,14,12,1730.0,20760.0,2021-10-17
2021101703007515,ALBSL,43,14,20,1730.0,34600.0,2021-10-17
2021101701006739,NABIL,14,36,80,1480.0,118400.0,2021-10-17
2021101701006738,NABIL,14,13,100,1479.5,147950.0,2021-10-17
2021101703007514,HIDCL,52,58,500,310.0,155000.0,2021-10-17
2021101704005069,API,16,58,19,430.1,8171.9,2021-10-17
2021101704005068,GIMES1,58,4,5000,20.92,104600.0,2021-10-17
2021101704005067,GIMES1,25,4,1500,20.92,31380.0,2021-10-17
2021101704005066,GIMES1,49,4,5000,20.92,104600.0,2021-10-17
2021101704005065,GIMES1,1,4,300,20.92,6276.0,2021-10-17
2021101704005064,GIMES1,45,4,530,20.93,11092.9,2021-10-17
2021101704005063,GIMES1,40,4,5000,20.93,104650.0,2021-10-17
2021101704005062,GIMES1,29,4,2000,20.95,41900.0,2021-10-17
2021101704005061,GIMES1,6,4,230,20.95,4818.5,2021-10-17
2021101704005060,GIMES1,17,4,500,20.96,10480.0,2021-10-17
2021101704005059,GIMES1,21,4,500,20.96,10480.0,2021-10-17
2021101703007513,MFIL,21,48,100,1049.0,104900.0,2021-10-17
2021101703007512,MFIL,48,48,140,1049.0,146860.0,2021-10-17
2021101704005058,NICSF,48,10,6800,9.6,65280.0,2021-10-17
2021101704005057,SIL,10,16,10,889.0,8890.0,2021-10-17
2021101704005056,AKPL,50,34,90,475.0,42750.0,2021-10-17
2021101704005055,API,57,56,17,431.8,7340.6,2021-10-17
2021101704005054,API,57,34,23,431.0,9913.0,2021-10-17
2021101701006737,SCB,50,54,170,532.1,90457.0,2021-10-17
2021101701006736,PCBL,21,25,10,479.0,4790.0,2021-10-17
2021101701006735,BOKL,57,6,30,339.1,10173.0,2021-10-17
2021101701006734,NICA,13,38,100,843.0,84300.0,2021-10-17
2021101701006733,NICA,55,38,30,843.0,25290.0,2021-10-17
2021101701006732,NICA,4,38,100,843.0,84300.0,2021-10-17
2021101703007511,GBBL,39,33,150,569.0,85350.0,2021-10-17
2021101703007510,GBBL,25,33,500,570.0,285000.0,2021-10-17
2021101703007509,GBBL,14,33,10,571.0,5710.0,2021-10-17
2021101703007508,GBBL,14,33,50,571.0,28550.0,2021-10-17
2021101704005053,RRHP,33,42,100,512.0,51200.0,2021-10-17
2021101703007507,CFCL,38,56,106,495.0,52470.0,2021-10-17
2021101703007506,CFCL,6,56,10,495.0,4950.0,2021-10-17
2021101703007505,CFCL,21,56,14,495.0,6930.0,2021-10-17
2021101703007504,CFCL,20,56,20,495.1,9902.0,2021-10-17
2021101703007503,FMDBL,21,20,500,903.0,451500.0,2021-10-17
2021101704005052,GIMES1,58,21,1000,21.02,21020.0,2021-10-17
2021101703007502,NMFBS,6,17,10,2963.0,29630.0,2021-10-17
2021101703007501,GFCL,47,14,250,679.0,169750.0,2021-10-17
2021101703007500,GFCL,35,14,50,679.2,33960.0,2021-10-17
2021101701006731,SHIVM,28,1,89,1325.0,117925.0,2021-10-17
2021101701006730,SHIVM,28,25,11,1324.9,14573.9,2021-10-17
2021101703007499,SADBL,26,47,500,396.0,198000.0,2021-10-17
2021101703007498,SADBL,42,47,500,396.0,198000.0,2021-10-17
2021101704005051,UPCL,56,57,10,342.9,3429.0,2021-10-17
2021101701006729,MKJC,52,51,10,443.9,4439.0,2021-10-17
2021101704005050,SHPC,47,45,50,383.0,19150.0,2021-10-17
2021101704005049,HURJA,52,42,10,415.0,4150.0,2021-10-17
2021101703007497,ICFC,6,57,100,673.9,67390.0,2021-10-17
2021101703007496,PLI,17,45,10,603.0,6030.0,2021-10-17
2021101705001164,JBLB,38,58,10,4606.0,46060.0,2021-10-17
2021101703007495,KSBBL,53,4,29,682.8,19801.2,2021-10-17
2021101703007494,KSBBL,53,39,80,682.0,54560.0,2021-10-17
2021101703007493,KSBBL,53,26,100,682.0,68200.0,2021-10-17
2021101703007492,KSBBL,53,20,290,682.0,197780.0,2021-10-17
2021101701006728,SANIMA,42,33,20,510.0,10200.0,2021-10-17
2021101703007491,FMDBL,59,4,50,905.0,45250.0,2021-10-17
2021101703007490,NRIC,35,57,50,1289.0,64450.0,2021-10-17
2021101703007489,BFC,33,21,20,432.0,8640.0,2021-10-17
2021101701006727,GBIME,16,6,50,399.0,19950.0,2021-10-17
2021101704005048,NHPC,38,41,380,388.0,147440.0,2021-10-17
2021101704005047,NHPC,38,58,620,387.0,239940.0,2021-10-17
2021101701006726,MKJC,52,44,10,443.9,4439.0,2021-10-17
2021101701006725,MKJC,52,51,10,443.1,4431.0,2021-10-17
2021101703007488,LBBL,13,53,500,512.5,256250.0,2021-10-17
2021101701006724,NBB,49,48,50,411.9,20595.0,2021-10-17
2021101703007487,LICN,25,40,27,1968.0,53136.0,2021-10-17
2021101703007486,LICN,25,1,30,1968.0,59040.0,2021-10-17
2021101703007485,LICN,25,7,10,1967.0,19670.0,2021-10-17
2021101703007484,LICN,25,49,100,1963.0,196300.0,2021-10-17
2021101703007483,LICN,25,49,13,1963.0,25519.0,2021-10-17
2021101703007482,LICN,25,48,20,1962.9,39258.0,2021-10-17
2021101703007481,LICN,25,50,100,1958.0,195800.0,2021-10-17
2021101703007480,LICN,25,25,30,1957.0,58710.0,2021-10-17
2021101703007479,LICN,25,19,10,1957.0,19570.0,2021-10-17
2021101703007478,LICN,25,21,30,1957.0,58710.0,2021-10-17
2021101703007477,LICN,25,43,10,1957.0,19570.0,2021-10-17
2021101703007476,LICN,25,6,10,1954.9,19549.0,2021-10-17
2021101703007475,LICN,25,50,100,1943.0,194300.0,2021-10-17
2021101703007474,LICN,25,19,10,1938.0,19380.0,2021-10-17
2021101704005046,GLH,38,34,10,403.0,4030.0,2021-10-17
2021101704005045,AKPL,13,48,218,474.5,103441.0,2021-10-17
2021101704005044,GIC,38,17,10,561.0,5610.0,2021-10-17
2021101703007473,NIFRA,4,52,37,357.0,13209.0,2021-10-17
2021101703007472,NIFRA,59,52,40,357.0,14280.0,2021-10-17
2021101703007471,NIFRA,43,52,100,357.0,35700.0,2021-10-17
2021101703007470,NIFRA,13,52,300,357.0,107100.0,2021-10-17
2021101703007469,NIFRA,8,52,20,357.1,7142.0,2021-10-17
2021101703007468,NIFRA,50,52,100,357.1,35710.0,2021-10-17
2021101703007467,NIFRA,51,52,55,358.0,19690.0,2021-10-17
2021101703007466,NIFRA,44,52,150,358.0,53700.0,2021-10-17
2021101703007465,NIFRA,45,52,60,358.0,21480.0,2021-10-17
2021101703007464,NIFRA,25,52,50,358.0,17900.0,2021-10-17
2021101703007463,NIFRA,29,52,13,358.0,4654.0,2021-10-17
2021101703007462,NIFRA,58,52,55,358.5,19717.5,2021-10-17
2021101703007461,NIFRA,38,52,20,358.5,7170.0,2021-10-17
2021101703007460,NICLBSL,17,47,10,1126.0,11260.0,2021-10-17
2021101704005043,NGPL,42,57,25,616.0,15400.0,2021-10-17
2021101703007459,RSDC,46,5,13,840.0,10920.0,2021-10-17
2021101703007458,MNBBL,57,59,50,700.0,35000.0,2021-10-17
2021101703007457,NIFRA,44,4,50,359.0,17950.0,2021-10-17
2021101704005042,LGIL,5,45,10,681.9,6819.0,2021-10-17
2021101703007456,EDBL,48,49,40,554.1,22164.0,2021-10-17
2021101703007455,EDBL,58,49,10,555.0,5550.0,2021-10-17
2021101705001163,JBLB,21,58,10,4610.0,46100.0,2021-10-17
2021101704005041,GLH,32,57,10,405.0,4050.0,2021-10-17
2021101704005040,CGH,20,35,40,1344.0,53760.0,2021-10-17
2021101703007454,SMFBS,14,35,100,2701.0,270100.0,2021-10-17
2021101703007453,ICFC,45,56,45,672.0,30240.0,2021-10-17
2021101703007452,RLFL,13,49,500,522.5,261250.0,2021-10-17
2021101703007451,JBBL,56,48,140,491.0,68740.0,2021-10-17
2021101703007450,JBBL,56,35,122,491.0,59902.0,2021-10-17
2021101703007449,CIT,14,21,10,3371.0,33710.0,2021-10-17
2021101703007448,LICN,25,50,20,1938.0,38760.0,2021-10-17
2021101703007447,LICN,25,36,20,1935.0,38700.0,2021-10-17
2021101703007446,LICN,25,32,50,1935.0,96750.0,2021-10-17
2021101703007445,LICN,25,32,50,1934.0,96700.0,2021-10-17
2021101703007444,LICN,25,6,100,1934.0,193400.0,2021-10-17
2021101703007443,LICN,25,50,260,1930.0,501800.0,2021-10-17
2021101703007442,EDBL,58,44,780,555.0,432900.0,2021-10-17
2021101701006723,KBL,44,38,30,287.0,8610.0,2021-10-17
2021101701006722,KBL,42,38,50,287.0,14350.0,2021-10-17
2021101701006721,KBL,8,38,50,287.0,14350.0,2021-10-17
2021101701006720,KBL,41,38,50,287.0,14350.0,2021-10-17
2021101701006719,KBL,54,38,20,287.0,5740.0,2021-10-17
2021101701006718,KBL,49,38,250,287.0,71750.0,2021-10-17
2021101701006717,KBL,52,38,100,287.0,28700.0,2021-10-17
2021101701006716,KBL,1,38,300,287.0,86100.0,2021-10-17
2021101701006715,KBL,32,38,50,287.0,14350.0,2021-10-17
2021101701006714,KBL,45,38,20,287.1,5742.0,2021-10-17
2021101701006713,KBL,35,38,300,287.2,86160.0,2021-10-17
2021101701006712,KBL,57,38,100,287.5,28750.0,2021-10-17
2021101701006711,KBL,6,38,180,287.5,51750.0,2021-10-17
2021101701006710,CCBL,48,43,100,241.0,24100.0,2021-10-17
2021101704005039,AHPC,59,35,390,401.0,156390.0,2021-10-17
2021101703007441,RSDC,41,21,100,841.0,84100.0,2021-10-17
2021101701006709,NCCB,55,41,175,302.0,52850.0,2021-10-17
2021101701006708,NCCB,55,29,10,302.0,3020.0,2021-10-17
2021101701006707,NCCB,55,6,10,302.0,3020.0,2021-10-17
2021101701006706,NCCB,55,42,50,302.0,15100.0,2021-10-17
2021101701006705,NCCB,55,39,55,302.0,16610.0,2021-10-17
2021101703007440,MFIL,45,48,200,1049.0,209800.0,2021-10-17
2021101703007439,JLI,13,51,45,565.0,25425.0,2021-10-17
2021101701006704,NBL,38,40,78,483.2,37689.6,2021-10-17
2021101704005038,HDHPC,17,37,10,304.0,3040.0,2021-10-17
2021101701006703,SHIVM,58,25,35,1324.9,46371.5,2021-10-17
2021101704005037,SICL,43,45,25,1730.1,43252.5,2021-10-17
2021101703007438,SFCL,58,21,20,456.0,9120.0,2021-10-17
2021101704005036,LUK,45,4,900,9.85,8865.0,2021-10-17
2021101704005035,LUK,45,57,100,9.84,984.0,2021-10-17
2021101704005034,STC,33,58,10,7811.0,78110.0,2021-10-17
2021101703007437,MDB,22,11,130,607.0,78910.0,2021-10-17
2021101703007436,GUFL,6,59,100,860.0,86000.0,2021-10-17
2021101704005033,RHPL,22,41,50,348.0,17400.0,2021-10-17
2021101704005032,SHL,46,4,150,225.0,33750.0,2021-10-17
2021101701006702,NBL,38,40,100,483.2,48320.0,2021-10-17
2021101703007435,SADBL,52,36,100,396.9,39690.0,2021-10-17
2021101701006701,KBL,6,47,20,287.5,5750.0,2021-10-17
2021101701006700,KBL,56,47,100,287.6,28760.0,2021-10-17
2021101704005031,AHPC,58,35,100,401.0,40100.0,2021-10-17
2021101703007434,NIFRA,58,4,58,359.0,20822.0,2021-10-17
2021101701006699,SANIMA,4,33,100,510.0,51000.0,2021-10-17
2021101701006698,SBL,46,32,160,459.1,73456.0,2021-10-17
2021101701006697,SBL,56,32,10,459.2,4592.0,2021-10-17
2021101701006696,SBL,35,32,100,459.5,45950.0,2021-10-17
2021101703007433,SLBBL,45,58,10,1555.0,15550.0,2021-10-17
2021101703007432,MNBBL,54,59,80,700.0,56000.0,2021-10-17
2021101703007431,NFS,58,14,100,515.0,51500.0,2021-10-17
2021101703007430,NFS,58,41,10,515.0,5150.0,2021-10-17
2021101703007429,NFS,58,36,20,511.0,10220.0,2021-10-17
2021101703007428,NRIC,35,22,23,1289.0,29647.0,2021-10-17
2021101703007427,NRIC,36,22,77,1289.0,99253.0,2021-10-17
2021101704005030,TRH,29,32,70,367.9,25753.0,2021-10-17
2021101704005029,TRH,29,46,80,365.1,29208.0,2021-10-17
2021101704005028,TRH,29,25,50,365.0,18250.0,2021-10-17
2021101704005027,AIL,33,38,10,705.1,7051.0,2021-10-17
2021101704005026,NLG,19,29,100,895.0,89500.0,2021-10-17
2021101704005025,SSHL,56,29,10,325.1,3251.0,2021-10-17
2021101701006695,HDL,56,1,10,6881.0,68810.0,2021-10-17
2021101701006694,NCCB,21,39,20,302.0,6040.0,2021-10-17
2021101704005024,UPCL,45,26,30,342.0,10260.0,2021-10-17
2021101704005023,RBCL,16,59,20,17640.0,352800.0,2021-10-17
2021101704005022,AHPC,55,17,60,400.0,24000.0,2021-10-17
2021101704005021,AHPC,56,17,40,400.1,16004.0,2021-10-17
2021101703007426,GLICL,57,6,50,587.0,29350.0,2021-10-17
2021101703007425,NTC,51,33,100,1000.0,100000.0,2021-10-17
2021101701006693,SBL,35,35,200,459.2,91840.0,2021-10-17
2021101703007424,SADBL,11,36,10,396.9,3969.0,2021-10-17
2021101703007423,KSBBL,52,20,10,682.0,6820.0,2021-10-17
2021101703007422,KSBBL,52,14,10,682.0,6820.0,2021-10-17
2021101703007421,MSLB,1,18,50,1955.0,97750.0,2021-10-17
2021101703007420,SMFBS,14,35,100,2710.0,271000.0,2021-10-17
2021101703007419,PROFL,16,56,50,399.0,19950.0,2021-10-17
2021101705001162,SLI,43,49,10,545.0,5450.0,2021-10-17
2021101703007418,MMFDB,41,48,50,1509.0,75450.0,2021-10-17
2021101701006692,MEGA,22,49,50,324.9,16245.0,2021-10-17
2021101703007417,PLI,42,34,10,602.0,6020.0,2021-10-17
2021101701006691,GBIME,16,48,320,399.0,127680.0,2021-10-17
2021101701006690,GBIME,47,48,20,399.7,7994.0,2021-10-17
2021101703007416,HIDCL,47,58,45,310.0,13950.0,2021-10-17
2021101701006689,CCBL,56,43,100,241.0,24100.0,2021-10-17
2021101703007415,NIFRA,55,4,40,359.0,14360.0,2021-10-17
2021101703007414,LICN,17,25,50,1905.0,95250.0,2021-10-17
2021101701006688,NBL,58,40,10,483.2,4832.0,2021-10-17
2021101704005020,RURU,14,51,10,1045.0,10450.0,2021-10-17
2021101703007413,LBBL,22,52,100,514.0,51400.0,2021-10-17
2021101703007412,NSLB,18,47,27,1455.0,39285.0,2021-10-17
2021101704005019,RRHP,40,42,200,512.0,102400.0,2021-10-17
2021101704005018,API,16,40,21,430.1,9032.1,2021-10-17
2021101703007411,HIDCL,57,58,100,310.0,31000.0,2021-10-17
2021101704005017,GHL,50,39,70,334.0,23380.0,2021-10-17
2021101704005016,GHL,58,39,30,334.0,10020.0,2021-10-17
2021101705001161,SLI,58,20,10,545.0,5450.0,2021-10-17
2021101703007410,EDBL,48,45,24,554.1,13298.4,2021-10-17
2021101704005015,AKPL,58,34,20,475.0,9500.0,2021-10-17
2021101701006687,CBL,33,37,378,244.0,92232.0,2021-10-17
2021101701006686,CBL,44,37,50,244.0,12200.0,2021-10-17
2021101701006685,CBL,47,37,372,244.0,90768.0,2021-10-17
2021101701006684,CBL,33,37,200,244.5,48900.0,2021-10-17
2021101703007409,ICFC,28,38,1816,670.0,1216720.0,2021-10-17
2021101703007408,ICFC,25,38,54,670.2,36190.8,2021-10-17
2021101703007407,ICFC,1,38,100,671.0,67100.0,2021-10-17
2021101703007406,ICFC,38,38,20,673.8,13476.0,2021-10-17
2021101703007405,RSDC,22,21,40,841.0,33640.0,2021-10-17
2021101703007404,RSDC,22,19,10,841.0,8410.0,2021-10-17
2021101705001160,ULI,38,45,10,583.0,5830.0,2021-10-17
2021101705001159,SLI,58,58,10,545.0,5450.0,2021-10-17
2021101703007403,NIFRA,55,58,10,359.0,3590.0,2021-10-17
2021101704005014,SICL,37,17,28,1720.0,48160.0,2021-10-17
2021101704005013,SICL,42,17,58,1721.0,99818.0,2021-10-17
2021101704005012,SICL,50,17,10,1721.0,17210.0,2021-10-17
2021101704005011,SICL,54,17,10,1722.0,17220.0,2021-10-17
2021101703007402,KSBBL,17,14,40,682.0,27280.0,2021-10-17
2021101704005010,BPCL,44,39,50,501.0,25050.0,2021-10-17
2021101704005009,NIBSF1,26,4,9889,11.57,114415.73,2021-10-17
2021101701006683,GBIME,41,44,36,399.5,14382.0,2021-10-17
2021101704005008,UMHL,42,39,450,419.0,188550.0,2021-10-17
2021101703007401,EDBL,48,6,10,554.1,5541.0,2021-10-17
2021101704005007,RADHI,6,43,20,565.0,11300.0,2021-10-17
2021101701006682,SANIMA,48,56,110,509.5,56045.0,2021-10-17
2021101701006681,SANIMA,40,56,190,509.5,96805.0,2021-10-17
2021101701006680,PCBL,21,6,50,479.0,23950.0,2021-10-17
2021101703007400,JFL,21,38,50,590.0,29500.0,2021-10-17
2021101703007399,JFL,21,4,25,590.0,14750.0,2021-10-17
2021101701006679,MKJC,52,32,10,443.0,4430.0,2021-10-17
2021101703007398,GFCL,47,45,100,679.0,67900.0,2021-10-17
2021101703007397,GFCL,57,45,50,679.1,33955.0,2021-10-17
2021101703007396,NLIC,3,58,10,1695.0,16950.0,2021-10-17
2021101703007395,NLIC,3,8,10,1695.0,16950.0,2021-10-17
2021101704005006,RADHI,42,43,30,565.0,16950.0,2021-10-17
2021101704005005,RMF1,48,57,100,10.04,1004.0,2021-10-17
2021101704005004,RMF1,48,21,5000,10.04,50200.0,2021-10-17
2021101704005003,RMF1,48,34,1000,9.94,9940.0,2021-10-17
2021101704005002,RMF1,48,35,200,9.89,1978.0,2021-10-17
2021101705001158,SLI,58,58,10,545.0,5450.0,2021-10-17
2021101704005001,RBCL,16,58,10,17639.0,176390.0,2021-10-17
2021101703007394,MNBBL,38,59,20,700.0,14000.0,2021-10-17
2021101705001157,JBLB,28,21,10,4610.0,46100.0,2021-10-17
2021101705001156,JBLB,28,38,10,4609.0,46090.0,2021-10-17
2021101705001155,JBLB,28,58,10,4608.0,46080.0,2021-10-17
2021101705001154,JBLB,28,58,10,4608.0,46080.0,2021-10-17
2021101705001153,JBLB,28,26,10,4608.0,46080.0,2021-10-17
2021101703007393,PFL,28,47,10,595.0,5950.0,2021-10-17
2021101704005000,UPPER,55,59,200,600.1,120020.0,2021-10-17
2021101701006678,MBL,59,50,15,386.0,5790.0,2021-10-17
2021101703007392,JLI,13,6,80,564.0,45120.0,2021-10-17
2021101701006677,HDL,45,8,20,6900.0,138000.0,2021-10-17
2021101701006676,HDL,45,33,100,6899.0,689900.0,2021-10-17
2021101701006675,NBL,45,40,30,483.2,14496.0,2021-10-17
2021101703007391,SLICL,19,57,200,810.0,162000.0,2021-10-17
2021101703007390,NIFRA,49,58,20,359.0,7180.0,2021-10-17
2021101704004999,SIL,10,16,10,889.0,8890.0,2021-10-17
2021101705001152,SLI,6,45,10,548.0,5480.0,2021-10-17
2021101703007389,NLIC,56,8,30,1695.0,50850.0,2021-10-17
2021101704004998,AKPL,13,26,50,474.5,23725.0,2021-10-17
2021101703007388,ILBS,18,39,20,1703.1,34062.0,2021-10-17
2021101701006674,MKJC,52,11,10,443.0,4430.0,2021-10-17
2021101703007387,KSBBL,35,14,50,682.0,34100.0,2021-10-17
2021101704004997,SHEL,34,58,10,405.0,4050.0,2021-10-17
2021101701006673,SANIMA,40,41,110,509.5,56045.0,2021-10-17
2021101701006672,GBIME,14,44,20,399.5,7990.0,2021-10-17
2021101701006671,GBIME,22,44,300,399.5,119850.0,2021-10-17
2021101703007386,MSLB,1,18,100,1955.0,195500.0,2021-10-17
2021101703007385,MSLB,51,18,100,1956.0,195600.0,2021-10-17
2021101701006670,SBL,17,35,300,459.2,137760.0,2021-10-17
2021101703007384,EDBL,21,44,10,555.0,5550.0,2021-10-17
2021101701006669,GBIME,32,45,100,399.6,39960.0,2021-10-17
2021101704004996,UPCL,11,26,50,342.0,17100.0,2021-10-17
2021101704004995,CGH,50,35,40,1350.0,54000.0,2021-10-17
2021101704004994,RRHP,48,37,10,515.0,5150.0,2021-10-17
2021101701006668,KBL,29,38,47,288.0,13536.0,2021-10-17
2021101704004993,AHPC,55,3,852,400.0,340800.0,2021-10-17
2021101704004992,AHPC,3,3,100,400.0,40000.0,2021-10-17
2021101704004991,AHPC,46,3,200,400.0,80000.0,2021-10-17
2021101704004990,AHPC,29,3,200,400.0,80000.0,2021-10-17
2021101704004989,AHPC,22,3,100,400.1,40010.0,2021-10-17
2021101703007383,GMFBS,34,42,10,1515.0,15150.0,2021-10-17
2021101704004988,LEC,11,17,10,335.0,3350.0,2021-10-17
2021101704004987,NIBSF2,48,4,500,9.42,4710.0,2021-10-17
2021101703007382,MSLB,1,21,50,1955.0,97750.0,2021-10-17
2021101703007381,LBBL,37,40,200,514.0,102800.0,2021-10-17
2021101704004986,HDHPC,38,37,10,304.0,3040.0,2021-10-17
2021101703007380,SLBBL,48,58,21,1555.0,32655.0,2021-10-17
2021101703007379,MLBL,42,33,100,581.0,58100.0,2021-10-17
2021101704004985,BPCL,57,39,31,501.0,15531.0,2021-10-17
2021101704004984,BPCL,57,37,49,501.0,24549.0,2021-10-17
2021101701006667,NMB,34,32,15,409.0,6135.0,2021-10-17
2021101703007378,NSLB,14,47,25,1455.1,36377.5,2021-10-17
2021101701006666,CZBIL,41,5,700,317.0,221900.0,2021-10-17
2021101703007377,SINDU,59,54,10,434.0,4340.0,2021-10-17
2021101703007376,SINDU,59,19,20,433.9,8678.0,2021-10-17
2021101703007375,MLBBL,46,40,13,2010.0,26130.0,2021-10-17
2021101703007374,MLBBL,57,40,47,2010.0,94470.0,2021-10-17
2021101703007373,MFIL,33,48,50,1049.0,52450.0,2021-10-17
2021101703007372,ILBS,18,47,12,1703.1,20437.2,2021-10-17
2021101704004983,HPPL,54,6,20,428.8,8576.0,2021-10-17
2021101704004982,DHPL,38,58,10,294.0,2940.0,2021-10-17
2021101703007371,NFS,48,48,70,510.0,35700.0,2021-10-17
2021101704004981,SPDL,34,51,10,410.0,4100.0,2021-10-17
2021101703007370,SMFBS,33,1,11,2735.0,30085.0,2021-10-17
2021101704004980,BPCL,57,4,145,500.0,72500.0,2021-10-17
2021101704004979,BPCL,22,4,10,500.1,5001.0,2021-10-17
2021101704004978,BPCL,21,4,45,500.1,22504.5,2021-10-17
2021101705001151,ULI,57,1,60,586.0,35160.0,2021-10-17
2021101705001150,ULI,57,48,10,586.0,5860.0,2021-10-17
2021101705001149,ULI,57,58,10,585.0,5850.0,2021-10-17
2021101705001148,ULI,57,21,10,584.0,5840.0,2021-10-17
2021101705001147,ULI,57,58,10,584.0,5840.0,2021-10-17
2021101701006665,CBL,47,44,128,244.0,31232.0,2021-10-17
2021101701006664,CBL,58,44,10,244.1,2441.0,2021-10-17
2021101704004977,SHEL,58,39,40,401.0,16040.0,2021-10-17
2021101703007369,KSBBL,7,4,71,682.8,48478.8,2021-10-17
2021101703007368,KSBBL,7,1,29,682.0,19778.0,2021-10-17
2021101703007367,KSBBL,7,49,300,682.0,204600.0,2021-10-17
2021101704004976,UPCL,56,26,20,342.0,6840.0,2021-10-17
2021101703007366,MLBSL,57,49,10,5210.0,52100.0,2021-10-17
2021101705001146,JBLB,45,59,10,4600.0,46000.0,2021-10-17
2021101703007365,NIFRA,3,11,50,359.8,17990.0,2021-10-17
2021101703007364,SMFBS,25,35,24,2735.0,65640.0,2021-10-17
2021101703007363,SMFBS,10,35,28,2735.0,76580.0,2021-10-17
2021101704004975,BPCL,38,37,50,501.0,25050.0,2021-10-17
2021101704004974,UPPER,38,33,10,604.0,6040.0,2021-10-17
2021101701006663,NBL,10,57,50,483.1,24155.0,2021-10-17
2021101705001145,ULI,38,58,10,583.0,5830.0,2021-10-17
2021101701006662,EBL,55,57,10,713.0,7130.0,2021-10-17
2021101703007362,MNBBL,6,59,50,700.0,35000.0,2021-10-17
2021101704004973,EIC,45,17,455,655.0,298025.0,2021-10-17
2021101704004972,EIC,11,17,30,655.0,19650.0,2021-10-17
2021101703007361,USLB,32,42,10,2078.0,20780.0,2021-10-17
2021101703007360,MFIL,14,1,500,1049.0,524500.0,2021-10-17
2021101704004971,HURJA,52,44,10,415.0,4150.0,2021-10-17
2021101701006661,NBL,51,40,32,483.2,15462.4,2021-10-17
2021101704004970,CGH,50,57,30,1350.0,40500.0,2021-10-17
2021101704004969,CGH,50,44,105,1350.0,141750.0,2021-10-17
2021101704004968,SSHL,46,7,29,324.0,9396.0,2021-10-17
2021101704004967,SSHL,51,7,25,324.0,8100.0,2021-10-17
2021101704004966,SSHL,55,7,32,325.0,10400.0,2021-10-17
2021101704004965,API,59,59,2,425.0,850.0,2021-10-17
2021101703007359,JBBL,21,58,20,490.5,9810.0,2021-10-17
2021101704004964,PIC,38,3,20,1030.0,20600.0,2021-10-17
2021101701006660,SANIMA,52,33,10,510.0,5100.0,2021-10-17
2021101704004963,SSHL,50,29,50,325.1,16255.0,2021-10-17
2021101705001144,JBLB,16,34,10,4605.0,46050.0,2021-10-17
2021101701006659,NABIL,56,36,20,1480.0,29600.0,2021-10-17
2021101704004962,PICL,38,59,100,695.0,69500.0,2021-10-17
2021101703007358,LICN,41,50,120,1930.0,231600.0,2021-10-17
2021101703007357,LICN,41,18,30,1925.0,57750.0,2021-10-17
2021101703007356,LICN,41,38,200,1919.0,383800.0,2021-10-17
2021101704004961,SHL,39,4,100,226.0,22600.0,2021-10-17
2021101704004960,NIBSF2,40,4,189,9.55,1804.95,2021-10-17
2021101703007355,NLBBL,49,21,15,1410.0,21150.0,2021-10-17
2021101703007354,JFL,49,4,30,590.0,17700.0,2021-10-17
2021101703007353,MLBSL,26,10,10,5208.0,52080.0,2021-10-17
2021101704004959,UIC,50,40,100,603.0,60300.0,2021-10-17
2021101703007352,SMB,50,53,50,2700.0,135000.0,2021-10-17
2021101704004958,MHNL,11,33,50,371.0,18550.0,2021-10-17
2021101704004957,MHNL,11,33,50,371.1,18555.0,2021-10-17
2021101704004956,MHNL,11,33,100,371.2,37120.0,2021-10-17
2021101703007351,MFIL,45,45,100,1049.0,104900.0,2021-10-17
2021101705001143,SLI,58,39,10,545.0,5450.0,2021-10-17
2021101701006658,NBL,34,40,100,483.2,48320.0,2021-10-17
2021101701006657,MKJC,52,41,10,443.0,4430.0,2021-10-17
2021101704004955,PRIN,58,4,88,780.0,68640.0,2021-10-17
2021101703007350,MLBL,45,57,80,583.0,46640.0,2021-10-17
2021101703007349,CIT,14,1,20,3371.0,67420.0,2021-10-17
2021101704004954,NGPL,28,57,40,616.0,24640.0,2021-10-17
2021101704004953,NGPL,28,14,60,616.0,36960.0,2021-10-17
2021101704004952,CGH,19,44,50,1350.0,67500.0,2021-10-17
2021101704004951,CGH,19,14,20,1350.0,27000.0,2021-10-17
2021101704004950,CGH,19,55,30,1349.0,40470.0,2021-10-17
2021101704004949,IGI,25,10,10,1034.0,10340.0,2021-10-17
2021101704004948,IGI,25,49,20,1033.9,20678.0,2021-10-17
2021101704004947,IGI,25,17,10,1029.0,10290.0,2021-10-17
2021101704004946,IGI,25,58,60,1028.0,61680.0,2021-10-17
2021101704004945,IGI,25,49,10,1028.0,10280.0,2021-10-17
2021101704004944,IGI,25,59,20,1028.0,20560.0,2021-10-17
2021101704004943,IGI,25,45,100,1027.0,102700.0,2021-10-17
2021101704004942,IGI,25,43,10,1027.0,10270.0,2021-10-17
2021101703007348,NIFRA,51,20,10,360.0,3600.0,2021-10-17
2021101704004941,STC,58,58,10,7879.0,78790.0,2021-10-17
2021101704004940,SIL,5,44,10,877.0,8770.0,2021-10-17
2021101704004939,NHPC,5,41,10,388.0,3880.0,2021-10-17
2021101703007347,KSBBL,7,49,100,682.0,68200.0,2021-10-17
2021101703007346,KSBBL,34,49,100,682.0,68200.0,2021-10-17
2021101703007345,ICFC,28,21,300,670.0,201000.0,2021-10-17
2021101703007344,ICFC,58,21,100,670.1,67010.0,2021-10-17
2021101701006656,MEGA,45,28,300,325.0,97500.0,2021-10-17
2021101701006655,NICA,20,25,75,848.0,63600.0,2021-10-17
2021101703007343,SMFBS,14,35,15,2738.0,41070.0,2021-10-17
2021101703007342,SIFC,58,58,250,470.0,117500.0,2021-10-17
2021101703007341,NRIC,36,16,40,1289.0,51560.0,2021-10-17
2021101703007340,GMFIL,47,52,482,476.0,229432.0,2021-10-17
2021101704004938,AKPL,13,39,150,474.5,71175.0,2021-10-17
2021101703007339,NIFRA,14,50,30,359.9,10797.0,2021-10-17
2021101701006654,PCBL,1,4,48,477.0,22896.0,2021-10-17
2021101701006653,PCBL,19,4,100,477.0,47700.0,2021-10-17
2021101701006652,PCBL,34,4,20,477.0,9540.0,2021-10-17
2021101701006651,PCBL,49,4,150,477.1,71565.0,2021-10-17
2021101701006650,PCBL,19,4,100,478.0,47800.0,2021-10-17
2021101701006649,PCBL,22,4,54,478.0,25812.0,2021-10-17
2021101705001142,JBLB,45,4,10,4600.0,46000.0,2021-10-17
2021101701006648,PCBL,41,4,167,478.0,79826.0,2021-10-17
2021101705001141,SLI,58,57,10,545.0,5450.0,2021-10-17
2021101701006647,GBIME,33,40,100,399.5,39950.0,2021-10-17
2021101705001140,ULI,38,11,10,583.0,5830.0,2021-10-17
2021101704004937,UNHPL,38,49,10,324.0,3240.0,2021-10-17
2021101703007338,NLICL,49,57,50,965.0,48250.0,2021-10-17
2021101705001139,JBLB,45,45,10,4600.0,46000.0,2021-10-17
2021101701006646,MBL,48,42,30,385.0,11550.0,2021-10-17
2021101701006645,MBL,47,42,500,385.0,192500.0,2021-10-17
2021101701006644,MBL,51,42,100,385.0,38500.0,2021-10-17
2021101701006643,MBL,25,42,70,385.0,26950.0,2021-10-17
2021101703007337,NLIC,34,8,19,1695.0,32205.0,2021-10-17
2021101701006642,GBIME,42,44,10,399.9,3999.0,2021-10-17
2021101703007336,SDLBSL,49,26,30,1835.0,55050.0,2021-10-17
2021101703007335,LICN,41,55,30,1918.9,57567.0,2021-10-17
2021101701006641,SANIMA,38,33,848,510.0,432480.0,2021-10-17
2021101701006640,SANIMA,38,33,152,510.0,77520.0,2021-10-17
2021101701006639,CZBIL,41,38,100,317.0,31700.0,2021-10-17
2021101701006638,CZBIL,41,57,200,316.9,63380.0,2021-10-17
2021101705001138,SLI,58,58,10,545.0,5450.0,2021-10-17
2021101703007334,VLBS,45,41,50,1620.0,81000.0,2021-10-17
2021101703007333,VLBS,13,41,15,1620.0,24300.0,2021-10-17
2021101704004936,GIMES1,13,17,530,20.95,11103.5,2021-10-17
2021101703007332,ICFC,14,57,10,673.8,6738.0,2021-10-17
2021101703007331,ICFC,14,45,70,673.8,47166.0,2021-10-17
2021101704004935,GLH,38,16,10,403.0,4030.0,2021-10-17
2021101701006637,SANIMA,45,33,50,510.0,25500.0,2021-10-17
2021101704004934,SHL,39,43,100,226.0,22600.0,2021-10-17
2021101701006636,KBL,55,38,150,288.0,43200.0,2021-10-17
2021101701006635,HDL,14,8,20,6900.0,138000.0,2021-10-17
2021101703007330,MSLB,49,21,50,1956.0,97800.0,2021-10-17
2021101701006634,MEGA,57,28,50,325.0,16250.0,2021-10-17
2021101701006633,SANIMA,54,33,29,510.0,14790.0,2021-10-17
2021101703007329,GLICL,22,52,250,586.0,146500.0,2021-10-17
2021101703007328,GLICL,50,52,100,586.0,58600.0,2021-10-17
2021101704004933,SLCF,48,29,100,10.03,1003.0,2021-10-17
2021101704004932,UPPER,55,7,77,600.1,46207.7,2021-10-17
2021101704004931,UPPER,54,7,20,600.5,12010.0,2021-10-17
2021101704004930,UPPER,4,7,50,600.6,30030.0,2021-10-17
2021101704004929,UPPER,51,7,33,602.0,19866.0,2021-10-17
2021101704004928,UPPER,37,7,50,602.0,30100.0,2021-10-17
2021101704004927,UPPER,4,7,100,603.0,60300.0,2021-10-17
2021101704004926,UPPER,33,7,500,603.0,301500.0,2021-10-17
2021101704004925,UPPER,45,7,120,603.0,72360.0,2021-10-17
2021101703007327,KSBBL,34,45,200,682.0,136400.0,2021-10-17
2021101703007326,KSBBL,57,45,100,682.0,68200.0,2021-10-17
2021101703007325,SKBBL,45,8,200,1768.0,353600.0,2021-10-17
2021101703007324,SKBBL,45,25,10,1766.9,17669.0,2021-10-17
2021101703007323,NLIC,4,58,10,1694.0,16940.0,2021-10-17
2021101703007322,NLIC,39,42,10,1694.0,16940.0,2021-10-17
2021101704004924,RRHP,4,6,30,506.1,15183.0,2021-10-17
2021101704004923,RRHP,34,6,70,506.1,35427.0,2021-10-17
2021101703007321,SMFBS,10,35,14,2743.0,38402.0,2021-10-17
2021101701006632,MBL,53,50,200,386.0,77200.0,2021-10-17
2021101704004922,SICL,54,4,10,1722.0,17220.0,2021-10-17
2021101705001137,SLI,58,59,10,545.0,5450.0,2021-10-17
2021101701006631,NCCB,39,39,70,302.0,21140.0,2021-10-17
2021101701006630,NCCB,39,57,310,301.9,93589.0,2021-10-17
2021101701006629,NCCB,39,19,200,301.9,60380.0,2021-10-17
2021101701006628,NCCB,39,49,200,301.8,60360.0,2021-10-17
2021101701006627,NCCB,39,26,300,301.8,90540.0,2021-10-17
2021101701006626,NCCB,39,51,100,301.6,30160.0,2021-10-17
2021101701006625,NCCB,39,43,500,301.0,150500.0,2021-10-17
2021101701006624,NCCB,39,45,220,301.0,66220.0,2021-10-17
2021101703007320,MLBL,45,7,20,583.0,11660.0,2021-10-17
2021101703007319,PLIC,50,4,10,830.0,8300.0,2021-10-17
2021101703007318,PLIC,38,4,50,830.0,41500.0,2021-10-17
2021101701006623,MKJC,52,21,10,443.0,4430.0,2021-10-17
2021101703007317,NUBL,26,52,139,1491.1,207262.9,2021-10-17
2021101703007316,NUBL,58,52,20,1493.0,29860.0,2021-10-17
2021101703007315,NUBL,45,52,50,1494.0,74700.0,2021-10-17
2021101704004921,SHEL,58,39,10,401.0,4010.0,2021-10-17
2021101701006622,MBL,17,50,35,386.0,13510.0,2021-10-17
2021101703007314,ICFC,17,6,800,672.0,537600.0,2021-10-17
2021101703007313,GUFL,6,28,27,875.0,23625.0,2021-10-17
2021101703007312,GUFL,6,32,50,874.9,43745.0,2021-10-17
2021101703007311,GUFL,6,17,60,872.0,52320.0,2021-10-17
2021101703007310,GUFL,6,46,28,871.0,24388.0,2021-10-17
2021101703007309,GUFL,6,42,135,870.9,117571.5,2021-10-17
2021101703007308,GUFL,6,54,200,870.0,174000.0,2021-10-17
2021101704004920,SICL,49,4,20,1728.0,34560.0,2021-10-17
2021101703007307,GLICL,35,41,10,588.0,5880.0,2021-10-17
2021101704004919,PIC,25,3,10,1030.0,10300.0,2021-10-17
2021101704004918,PIC,25,1,10,1025.0,10250.0,2021-10-17
2021101704004917,PIC,25,57,30,1020.0,30600.0,2021-10-17
2021101703007306,PROFL,16,45,200,400.0,80000.0,2021-10-17
2021101703007305,PROFL,16,57,50,400.0,20000.0,2021-10-17
2021101704004916,AKPL,45,34,40,475.0,19000.0,2021-10-17
2021101703007304,SLICL,18,4,55,801.1,44060.5,2021-10-17
2021101703007303,SLICL,19,4,25,810.0,20250.0,2021-10-17
2021101705001136,JBLB,49,26,10,4608.0,46080.0,2021-10-17
2021101705001135,JBLB,49,42,10,4605.0,46050.0,2021-10-17
2021101703007302,JBBL,21,59,100,490.1,49010.0,2021-10-17
2021101704004915,AKPL,45,26,260,475.0,123500.0,2021-10-17
2021101701006621,NBL,28,40,100,483.2,48320.0,2021-10-17
2021101703007301,SADBL,52,45,100,397.0,39700.0,2021-10-17
2021101703007300,SADBL,52,52,100,396.9,39690.0,2021-10-17
2021101703007299,NABBC,17,3,10,754.8,7548.0,2021-10-17
2021101703007298,KSBBL,19,4,200,682.8,136560.0,2021-10-17
2021101705001134,JBLB,48,42,10,4605.0,46050.0,2021-10-17
2021101703007297,ALICL,50,13,50,1176.0,58800.0,2021-10-17
2021101703007296,NIFRA,14,39,50,359.0,17950.0,2021-10-17
2021101703007295,NIFRA,14,48,20,358.6,7172.0,2021-10-17
2021101704004914,RRHP,22,37,10,515.0,5150.0,2021-10-17
2021101701006620,SCB,56,52,29,533.0,15457.0,2021-10-17
2021101701006619,SCB,56,52,10,533.0,5330.0,2021-10-17
2021101701006618,SCB,50,52,12,533.0,6396.0,2021-10-17
2021101703007294,KMCDB,35,13,139,1217.1,169176.9,2021-10-17
2021101703007293,MNBBL,14,59,157,700.0,109900.0,2021-10-17
2021101703007292,MNBBL,14,38,328,699.9,229567.2,2021-10-17
2021101704004913,RHPL,58,41,52,348.0,18096.0,2021-10-17
2021101704004912,SSHL,58,29,150,326.0,48900.0,2021-10-17
2021101704004911,SSHL,19,29,190,326.0,61940.0,2021-10-17
2021101704004910,SSHL,21,29,52,326.0,16952.0,2021-10-17
2021101705001133,JBLB,48,47,10,4605.0,46050.0,2021-10-17
2021101704004909,SHL,13,43,300,226.0,67800.0,2021-10-17
2021101704004908,UMRH,41,21,10,505.0,5050.0,2021-10-17
2021101703007291,GMFBS,17,47,12,1514.0,18168.0,2021-10-17
2021101701006617,NBL,17,40,100,483.2,48320.0,2021-10-17
2021101703007290,KSBBL,6,26,70,682.7,47789.0,2021-10-17
2021101704004907,AIL,58,26,10,706.0,7060.0,2021-10-17
2021101701006616,NABIL,19,52,10,1481.0,14810.0,2021-10-17
2021101701006615,NABIL,19,34,100,1481.0,148100.0,2021-10-17
2021101701006614,NABIL,19,32,90,1480.0,133200.0,2021-10-17
2021101703007289,PFL,28,51,100,590.0,59000.0,2021-10-17
2021101703007288,MNBBL,14,38,100,699.0,69900.0,2021-10-17
2021101704004906,PIC,51,4,20,1015.0,20300.0,2021-10-17
2021101701006613,HDL,45,8,96,6900.0,662400.0,2021-10-17
2021101701006612,HDL,45,44,50,6900.0,345000.0,2021-10-17
2021101701006611,HDL,45,52,50,6900.0,345000.0,2021-10-17
2021101701006610,HDL,45,48,10,6899.9,68999.0,2021-10-17
2021101701006609,HDL,45,44,15,6899.0,103485.0,2021-10-17
2021101701006608,HDL,45,14,10,6899.0,68990.0,2021-10-17
2021101701006607,HDL,45,26,45,6899.0,310455.0,2021-10-17
2021101701006606,HDL,45,48,30,6895.0,206850.0,2021-10-17
2021101701006605,HDL,45,35,20,6895.0,137900.0,2021-10-17
2021101701006604,HDL,45,6,20,6895.0,137900.0,2021-10-17
2021101701006603,HDL,45,38,50,6889.0,344450.0,2021-10-17
2021101701006602,HDL,45,33,10,6887.1,68871.0,2021-10-17
2021101701006601,HDL,45,33,10,6886.5,68865.0,2021-10-17
2021101701006600,HDL,45,33,10,6886.0,68860.0,2021-10-17
2021101701006599,HDL,45,6,10,6885.0,68850.0,2021-10-17
2021101701006598,HDL,45,33,64,6885.0,440640.0,2021-10-17
2021101704004905,UPCL,45,42,280,340.0,95200.0,2021-10-17
2021101701006597,NABIL,55,32,10,1480.0,14800.0,2021-10-17
2021101701006596,SHIVM,58,35,15,1324.0,19860.0,2021-10-17
2021101703007287,MERO,22,52,20,1381.0,27620.0,2021-10-17
2021101703007286,MERO,25,52,10,1384.0,13840.0,2021-10-17
2021101703007285,MERO,38,52,30,1385.0,41550.0,2021-10-17
2021101703007284,MERO,19,52,100,1386.0,138600.0,2021-10-17
2021101703007283,MERO,58,52,20,1387.0,27740.0,2021-10-17
2021101703007282,MERO,56,52,100,1387.0,138700.0,2021-10-17
2021101703007281,MERO,10,52,130,1387.0,180310.0,2021-10-17
2021101703007280,SABSL,10,38,100,2099.0,209900.0,2021-10-17
2021101703007279,SABSL,10,21,100,2098.0,209800.0,2021-10-17
2021101701006595,SHIVM,58,4,46,1310.0,60260.0,2021-10-17
2021101701006594,SHIVM,58,4,20,1315.0,26300.0,2021-10-17
2021101701006593,SHIVM,7,4,50,1315.0,65750.0,2021-10-17
2021101701006592,SHIVM,49,4,10,1316.0,13160.0,2021-10-17
2021101701006591,SHIVM,35,4,50,1320.0,66000.0,2021-10-17
2021101703007278,CBBL,53,58,25,1770.5,44262.5,2021-10-17
2021101703007277,KMCDB,26,13,50,1217.1,60855.0,2021-10-17
2021101701006590,SANIMA,4,33,100,510.0,51000.0,2021-10-17
2021101701006589,SRBL,5,17,250,311.1,77775.0,2021-10-17
2021101701006588,SANIMA,45,33,100,510.0,51000.0,2021-10-17
2021101703007276,PLIC,14,4,50,830.1,41505.0,2021-10-17
2021101703007275,GBBL,14,40,50,571.0,28550.0,2021-10-17
2021101704004904,PICL,38,21,10,694.0,6940.0,2021-10-17
2021101703007274,LICN,41,55,35,1918.8,67158.0,2021-10-17
2021101704004903,SBCF,48,45,3000,9.8,29400.0,2021-10-17
2021101704004902,SBCF,48,41,5000,9.7,48500.0,2021-10-17
2021101704004901,SBCF,48,38,100,9.7,970.0,2021-10-17
2021101701006587,NBB,14,50,50,411.0,20550.0,2021-10-17
2021101703007273,CLBSL,21,22,22,1341.1,29504.2,2021-10-17
2021101703007272,CLBSL,42,22,35,1342.0,46970.0,2021-10-17
2021101703007271,NLIC,59,59,1,1684.0,1684.0,2021-10-17
2021101704004900,AHPC,37,3,500,400.0,200000.0,2021-10-17
2021101704004899,AHPC,35,3,500,400.0,200000.0,2021-10-17
2021101703007270,NRIC,25,57,20,1291.0,25820.0,2021-10-17
2021101703007269,NRIC,25,44,10,1291.0,12910.0,2021-10-17
2021101703007268,EDBL,58,44,10,555.0,5550.0,2021-10-17
2021101703007267,SWBBL,19,25,11,1646.9,18115.9,2021-10-17
2021101703007266,CIT,42,57,104,3380.0,351520.0,2021-10-17
2021101701006586,MBL,41,50,100,386.0,38600.0,2021-10-17
2021101701006585,ADBL,56,47,50,507.5,25375.0,2021-10-17
2021101703007265,SHINE,49,6,40,455.0,18200.0,2021-10-17
2021101703007264,JBBL,4,59,15,490.0,7350.0,2021-10-17
2021101703007263,JBBL,49,59,46,490.0,22540.0,2021-10-17
2021101704004898,UMRH,41,39,10,503.8,5038.0,2021-10-17
2021101703007262,GBBL,14,45,348,575.0,200100.0,2021-10-17
2021101703007261,GBBL,14,4,39,575.0,22425.0,2021-10-17
2021101703007260,GBBL,14,48,200,574.8,114960.0,2021-10-17
2021101704004897,RURU,51,14,10,1041.1,10411.0,2021-10-17
2021101701006584,MEGA,10,28,100,325.0,32500.0,2021-10-17
2021101701006583,PCBL,41,33,100,478.0,47800.0,2021-10-17
2021101704004896,PIC,51,4,30,1015.0,30450.0,2021-10-17
2021101704004895,LEMF,48,41,1000,10.07,10070.0,2021-10-17
2021101705001132,SLI,58,46,10,545.0,5450.0,2021-10-17
2021101703007259,NLIC,8,8,50,1695.0,84750.0,2021-10-17
2021101701006582,NBL,33,40,50,483.2,24160.0,2021-10-17
2021101701006581,ADBL,56,39,130,507.5,65975.0,2021-10-17
2021101704004894,NLG,45,50,50,903.8,45190.0,2021-10-17
2021101704004893,NICL,42,34,100,805.0,80500.0,2021-10-17
2021101701006580,EICPO,19,43,10,351.0,3510.0,2021-10-17
2021101703007258,NIFRA,29,4,10,358.0,3580.0,2021-10-17
2021101703007257,NIFRA,58,4,100,358.0,35800.0,2021-10-17
2021101703007256,NIFRA,44,4,10,358.0,3580.0,2021-10-17
2021101701006579,NABIL,55,57,10,1480.0,14800.0,2021-10-17
2021101701006578,NABIL,55,59,10,1480.0,14800.0,2021-10-17
2021101701006577,NABIL,55,1,20,1480.0,29600.0,2021-10-17
2021101701006576,NABIL,55,38,50,1480.0,74000.0,2021-10-17
2021101703007255,PFL,28,45,120,590.0,70800.0,2021-10-17
2021101701006575,NBL,7,40,100,483.2,48320.0,2021-10-17
2021101701006574,NBL,11,40,100,483.2,48320.0,2021-10-17
2021101703007254,KSBBL,6,6,30,682.6,20478.0,2021-10-17
2021101705001131,SLI,58,34,10,545.0,5450.0,2021-10-17
2021101705001130,SLI,58,45,10,545.0,5450.0,2021-10-17
2021101705001129,SLI,53,58,10,543.0,5430.0,2021-10-17
2021101703007253,GLICL,50,41,100,587.0,58700.0,2021-10-17
2021101704004892,GIMES1,1,17,5000,20.95,104750.0,2021-10-17
2021101701006573,NICA,20,46,44,848.0,37312.0,2021-10-17
2021101704004891,GLH,38,1,10,403.0,4030.0,2021-10-17
2021101701006572,NMB,34,4,220,409.0,89980.0,2021-10-17
2021101701006571,NMB,58,4,12,409.0,4908.0,2021-10-17
2021101701006570,SRBL,41,17,90,311.5,28035.0,2021-10-17
2021101701006569,SRBL,42,17,107,311.6,33341.2,2021-10-17
2021101705001128,JBLB,48,38,10,4605.0,46050.0,2021-10-17
2021101701006568,HDL,45,47,100,6880.0,688000.0,2021-10-17
2021101704004890,SHL,5,43,100,226.0,22600.0,2021-10-17
2021101703007252,KSBBL,57,34,100,682.0,68200.0,2021-10-17
2021101704004889,RURU,56,53,30,1051.0,31530.0,2021-10-17
2021101703007251,MFIL,42,45,100,1049.0,104900.0,2021-10-17
2021101704004888,UPCL,48,42,20,340.0,6800.0,2021-10-17
2021101704004887,RURU,29,53,20,1051.0,21020.0,2021-10-17
2021101704004886,GLH,49,58,10,401.0,4010.0,2021-10-17
2021101701006567,HDL,56,4,24,6884.0,165216.0,2021-10-17
2021101703007250,PFL,28,42,154,590.0,90860.0,2021-10-17
2021101703007249,PFL,45,42,171,590.0,100890.0,2021-10-17
2021101701006566,MBL,49,50,15,386.0,5790.0,2021-10-17
2021101703007248,EDBL,58,44,200,555.0,111000.0,2021-10-17
2021101701006565,SANIMA,56,33,50,510.0,25500.0,2021-10-17
2021101704004885,RHPC,51,56,241,630.0,151830.0,2021-10-17
2021101703007247,CBBL,53,40,30,1770.4,53112.0,2021-10-17
2021101703007246,CBBL,53,58,45,1770.1,79654.5,2021-10-17
2021101703007245,RSDC,22,57,100,841.0,84100.0,2021-10-17
2021101703007244,SDLBSL,40,41,40,1838.0,73520.0,2021-10-17
2021101703007243,SDLBSL,40,25,10,1838.0,18380.0,2021-10-17
2021101703007242,GUFL,28,22,10,871.0,8710.0,2021-10-17
2021101703007241,NIFRA,58,48,20,359.0,7180.0,2021-10-17
2021101703007240,NIFRA,47,48,20,359.0,7180.0,2021-10-17
2021101701006564,MBL,49,41,100,385.5,38550.0,2021-10-17
2021101701006563,SANIMA,58,33,10,510.0,5100.0,2021-10-17
2021101703007239,NLIC,39,33,80,1694.0,135520.0,2021-10-17
2021101701006562,NBB,14,5,350,411.0,143850.0,2021-10-17
2021101703007238,ALICL,56,13,15,1178.0,17670.0,2021-10-17
2021101703007237,NIFRA,51,20,15,360.0,5400.0,2021-10-17
2021101703007236,NIFRA,51,57,35,360.0,12600.0,2021-10-17
2021101703007235,NIFRA,51,34,100,359.9,35990.0,2021-10-17
2021101703007234,NIFRA,51,43,50,359.8,17990.0,2021-10-17
2021101703007233,MMFDB,58,48,20,1509.0,30180.0,2021-10-17
2021101704004884,KPCL,5,5,10,521.8,5218.0,2021-10-17
2021101701006561,NBL,41,4,497,483.2,240150.4,2021-10-17
2021101703007232,ALICL,33,28,155,1179.0,182745.0,2021-10-17
2021101701006560,NICA,56,57,40,848.9,33956.0,2021-10-17
2021101705001127,SLI,53,58,10,543.0,5430.0,2021-10-17
2021101703007231,NRIC,21,16,20,1290.0,25800.0,2021-10-17
2021101703007230,NRIC,21,16,150,1290.0,193500.0,2021-10-17
2021101703007229,NRIC,13,16,10,1290.0,12900.0,2021-10-17
2021101703007228,NRIC,58,16,100,1290.0,129000.0,2021-10-17
2021101703007227,NRIC,19,16,10,1290.0,12900.0,2021-10-17
2021101703007226,NRIC,39,16,80,1290.0,103200.0,2021-10-17
2021101703007225,NRIC,38,16,10,1290.0,12900.0,2021-10-17
2021101703007224,NRIC,45,16,20,1290.0,25800.0,2021-10-17
2021101704004883,NLG,45,43,50,903.0,45150.0,2021-10-17
2021101701006559,NBL,54,57,30,483.5,14505.0,2021-10-17
2021101701006558,ADBL,52,47,100,507.0,50700.0,2021-10-17
2021101703007223,NIFRA,47,7,25,359.9,8997.5,2021-10-17
2021101701006557,ADBL,35,47,25,507.0,12675.0,2021-10-17
2021101703007222,CHDC,14,48,10,810.0,8100.0,2021-10-17
2021101704004882,HDHPC,26,55,100,303.0,30300.0,2021-10-17
2021101704004881,HDHPC,11,21,73,300.0,21900.0,2021-10-17
2021101704004880,HDHPC,39,21,300,300.0,90000.0,2021-10-17
2021101704004879,HDHPC,41,21,50,300.0,15000.0,2021-10-17
2021101704004878,HDHPC,58,21,77,302.0,23254.0,2021-10-17
2021101704004877,SGI,45,17,10,595.0,5950.0,2021-10-17
2021101703007221,ACLBSL,45,43,20,1487.0,29740.0,2021-10-17
2021101703007220,SIFC,38,58,70,470.2,32914.0,2021-10-17
2021101703007219,SIFC,22,58,40,471.0,18840.0,2021-10-17
2021101704004876,GHL,14,35,80,334.0,26720.0,2021-10-17
2021101701006556,SANIMA,38,33,1500,510.0,765000.0,2021-10-17
2021101703007218,JBBL,49,49,1,490.0,490.0,2021-10-17
2021101703007217,JBBL,49,49,50,490.0,24500.0,2021-10-17
2021101703007216,JBBL,45,49,20,490.0,9800.0,2021-10-17
2021101703007215,JBBL,41,49,84,490.0,41160.0,2021-10-17
2021101703007214,JBBL,42,49,45,490.1,22054.5,2021-10-17
2021101704004875,API,16,56,100,430.1,43010.0,2021-10-17
2021101703007213,RLI,7,14,10,503.0,5030.0,2021-10-17
2021101703007212,RLI,7,17,10,503.0,5030.0,2021-10-17
2021101704004874,NIBSF2,48,4,500,9.42,4710.0,2021-10-17
2021101704004873,RHPC,51,21,59,630.0,37170.0,2021-10-17
2021101704004872,RHPC,51,21,200,630.0,126000.0,2021-10-17
2021101704004871,RHPC,56,21,100,630.0,63000.0,2021-10-17
2021101704004870,RHPC,58,21,100,630.0,63000.0,2021-10-17
2021101704004869,RHPC,39,21,80,630.0,50400.0,2021-10-17
2021101704004868,RHPC,32,21,20,630.1,12602.0,2021-10-17
2021101703007211,PFL,58,48,50,591.0,29550.0,2021-10-17
2021101701006555,NABIL,38,10,100,1476.0,147600.0,2021-10-17
2021101701006554,NABIL,38,34,10,1476.0,14760.0,2021-10-17
2021101704004867,DHPL,38,38,40,294.0,11760.0,2021-10-17
2021101701006553,NABIL,38,35,68,1476.0,100368.0,2021-10-17
2021101704004866,AKPL,13,10,300,474.5,142350.0,2021-10-17
2021101704004865,RRHP,34,26,30,506.1,15183.0,2021-10-17
2021101703007210,GBBL,14,21,100,571.0,57100.0,2021-10-17
2021101703007209,CIT,40,57,46,3380.0,155480.0,2021-10-17
2021101704004864,API,44,21,31,431.0,13361.0,2021-10-17
2021101704004863,AHPC,56,3,25,400.0,10000.0,2021-10-17
2021101704004862,AHPC,5,3,100,400.0,40000.0,2021-10-17
2021101704004861,AHPC,39,3,100,400.0,40000.0,2021-10-17
2021101704004860,AHPC,22,3,100,400.0,40000.0,2021-10-17
2021101704004859,AHPC,7,3,20,400.0,8000.0,2021-10-17
2021101704004858,AHPC,41,3,500,400.0,200000.0,2021-10-17
2021101704004857,AHPC,40,3,125,400.0,50000.0,2021-10-17
2021101704004856,AHPC,5,3,50,400.0,20000.0,2021-10-17
2021101704004855,AHPC,5,3,50,400.0,20000.0,2021-10-17
2021101704004854,AHPC,32,3,100,400.0,40000.0,2021-10-17
2021101704004853,AHPC,34,3,50,400.0,20000.0,2021-10-17
2021101704004852,AHPC,58,3,42,400.0,16800.0,2021-10-17
2021101704004851,AHPC,40,3,20,400.0,8000.0,2021-10-17
2021101704004850,AHPC,25,3,50,400.0,20000.0,2021-10-17
2021101704004849,AHPC,25,3,50,400.0,20000.0,2021-10-17
2021101704004848,AHPC,58,3,120,400.0,48000.0,2021-10-17
2021101704004847,AHPC,38,3,150,400.0,60000.0,2021-10-17
2021101704004846,AHPC,50,3,100,400.0,40000.0,2021-10-17
2021101704004845,AHPC,21,3,25,400.0,10000.0,2021-10-17
2021101704004844,AHPC,57,3,50,400.0,20000.0,2021-10-17
2021101704004843,AHPC,58,3,100,400.0,40000.0,2021-10-17
2021101704004842,AHPC,32,3,100,400.0,40000.0,2021-10-17
2021101704004841,AHPC,58,3,169,400.0,67600.0,2021-10-17
2021101704004840,AHPC,35,3,900,400.1,360090.0,2021-10-17
2021101704004839,AHPC,52,3,54,400.1,21605.4,2021-10-17
2021101704004838,AHPC,6,3,30,400.1,12003.0,2021-10-17
2021101704004837,AHPC,11,3,49,400.1,19604.9,2021-10-17
2021101704004836,AHPC,49,3,1000,400.2,400200.0,2021-10-17
2021101704004835,AHPC,59,3,40,400.2,16008.0,2021-10-17
2021101704004834,AHPC,34,3,200,400.5,80100.0,2021-10-17
2021101704004833,AHPC,42,3,400,401.0,160400.0,2021-10-17
2021101704004832,AHPC,6,3,100,401.0,40100.0,2021-10-17
2021101704004831,AHPC,26,3,500,401.0,200500.0,2021-10-17
2021101704004830,AHPC,29,3,500,401.1,200550.0,2021-10-17
2021101704004829,AHPC,49,3,40,402.0,16080.0,2021-10-17
2021101704004828,AHPC,45,3,250,402.0,100500.0,2021-10-17
2021101704004827,AHPC,40,3,10,402.0,4020.0,2021-10-17
2021101704004826,AHPC,52,3,100,402.0,40200.0,2021-10-17
2021101704004825,AHPC,48,3,100,403.0,40300.0,2021-10-17
2021101704004824,AHPC,49,3,38,403.0,15314.0,2021-10-17
2021101704004823,AHPC,50,3,200,403.0,80600.0,2021-10-17
2021101704004822,AHPC,58,3,100,403.0,40300.0,2021-10-17
2021101704004821,AHPC,57,3,100,403.0,40300.0,2021-10-17
2021101704004820,AHPC,52,3,100,403.0,40300.0,2021-10-17
2021101704004819,AHPC,49,3,500,404.0,202000.0,2021-10-17
2021101704004818,AHPC,22,3,10,404.0,4040.0,2021-10-17
2021101704004817,AHPC,58,3,11,404.0,4444.0,2021-10-17
2021101704004816,AHPC,6,3,20,404.0,8080.0,2021-10-17
2021101701006552,HDL,45,35,30,6880.0,206400.0,2021-10-17
2021101701006551,HDL,56,4,10,6884.0,68840.0,2021-10-17
2021101701006550,MEGA,57,28,70,324.0,22680.0,2021-10-17
2021101701006549,MEGA,34,28,10,324.0,3240.0,2021-10-17
2021101701006548,MEGA,38,28,100,324.0,32400.0,2021-10-17
2021101701006547,MEGA,7,28,160,324.0,51840.0,2021-10-17
2021101701006546,MEGA,53,28,150,324.0,48600.0,2021-10-17
2021101701006545,MEGA,16,28,50,324.0,16200.0,2021-10-17
2021101701006544,MEGA,35,28,1000,324.0,324000.0,2021-10-17
2021101701006543,MEGA,43,28,50,324.0,16200.0,2021-10-17
2021101701006542,MEGA,22,28,100,324.0,32400.0,2021-10-17
2021101701006541,MEGA,26,28,1400,324.0,453600.0,2021-10-17
2021101701006540,MEGA,16,28,200,324.0,64800.0,2021-10-17
2021101701006539,MEGA,45,28,50,324.0,16200.0,2021-10-17
2021101701006538,MEGA,41,28,100,324.0,32400.0,2021-10-17
2021101701006537,MEGA,33,28,500,324.3,162150.0,2021-10-17
2021101701006536,MEGA,17,28,40,324.4,12976.0,2021-10-17
2021101701006535,MEGA,34,28,20,324.4,6488.0,2021-10-17
2021101701006534,MEGA,32,28,500,324.5,162250.0,2021-10-17
2021101704004815,PIC,29,57,100,1020.0,102000.0,2021-10-17
2021101704004814,RHPL,58,19,20,348.0,6960.0,2021-10-17
2021101701006533,LBL,45,8,150,325.0,48750.0,2021-10-17
2021101701006532,PCBL,41,4,33,478.0,15774.0,2021-10-17
2021101701006531,PCBL,53,4,30,478.0,14340.0,2021-10-17
2021101701006530,PCBL,7,4,25,478.0,11950.0,2021-10-17
2021101704004813,HPPL,57,32,200,427.3,85460.0,2021-10-17
2021101704004812,HPPL,57,55,100,427.3,42730.0,2021-10-17
2021101704004811,HPPL,57,52,10,427.0,4270.0,2021-10-17
2021101704004810,HPPL,57,49,100,426.9,42690.0,2021-10-17
2021101701006529,BOKL,26,41,20,340.0,6800.0,2021-10-17
2021101701006528,NBB,38,5,50,411.0,20550.0,2021-10-17
2021101701006527,ADBL,42,39,50,507.5,25375.0,2021-10-17
2021101703007208,CBBL,38,4,45,1770.1,79654.5,2021-10-17
2021101703007207,SKBBL,52,4,40,1760.0,70400.0,2021-10-17
2021101703007206,KSBBL,55,34,100,682.0,68200.0,2021-10-17
2021101701006526,NABIL,51,14,112,1474.5,165144.0,2021-10-17
2021101701006525,NABIL,25,14,15,1475.0,22125.0,2021-10-17
2021101701006524,NABIL,39,14,30,1475.0,44250.0,2021-10-17
2021101701006523,NABIL,34,14,13,1475.0,19175.0,2021-10-17
2021101701006522,SANIMA,50,33,20,510.0,10200.0,2021-10-17
2021101701006521,CZBIL,5,5,30,315.1,9453.0,2021-10-17
2021101701006520,CZBIL,45,5,100,316.0,31600.0,2021-10-17
2021101701006519,CZBIL,11,5,170,316.0,53720.0,2021-10-17
2021101701006518,CZBIL,7,5,200,316.5,63300.0,2021-10-17
2021101703007205,JFL,45,4,15,590.0,8850.0,2021-10-17
2021101701006517,SANIMA,40,44,300,509.5,152850.0,2021-10-17
2021101701006516,HDL,45,34,50,6857.0,342850.0,2021-10-17
2021101704004809,HDHPC,39,55,30,303.0,9090.0,2021-10-17
2021101704004808,HDHPC,16,55,12,303.1,3637.2,2021-10-17
2021101704004807,AIL,58,29,10,706.0,7060.0,2021-10-17
2021101704004806,SLCF,48,39,1000,10.0,10000.0,2021-10-17
2021101703007204,SDLBSL,22,25,10,1838.0,18380.0,2021-10-17
2021101703007203,NLIC,21,33,20,1694.0,33880.0,2021-10-17
2021101704004805,RHPC,39,36,20,630.0,12600.0,2021-10-17
2021101701006515,GBIME,1,44,70,399.9,27993.0,2021-10-17
2021101703007202,MLBSL,44,49,15,5210.0,78150.0,2021-10-17
2021101703007201,MLBSL,44,47,10,5205.0,52050.0,2021-10-17
2021101701006514,PCBL,26,4,10,479.0,4790.0,2021-10-17
2021101703007200,MNBBL,38,56,48,696.0,33408.0,2021-10-17
2021101703007199,MNBBL,35,56,200,696.0,139200.0,2021-10-17
2021101703007198,MNBBL,45,56,20,696.0,13920.0,2021-10-17
2021101703007197,MNBBL,6,56,50,696.1,34805.0,2021-10-17
2021101703007196,MNBBL,57,56,50,697.0,34850.0,2021-10-17
2021101703007195,MNBBL,35,56,10,699.0,6990.0,2021-10-17
2021101705001126,JBLB,56,17,10,4607.0,46070.0,2021-10-17
2021101701006513,MEGA,44,28,50,325.0,16250.0,2021-10-17
2021101701006512,MEGA,33,28,50,325.0,16250.0,2021-10-17
2021101701006511,MEGA,41,28,50,325.0,16250.0,2021-10-17
2021101701006510,MEGA,28,28,50,325.0,16250.0,2021-10-17
2021101701006509,MEGA,57,28,100,325.0,32500.0,2021-10-17
2021101701006508,MEGA,58,28,51,325.0,16575.0,2021-10-17
2021101701006507,MEGA,14,28,100,325.0,32500.0,2021-10-17
2021101701006506,MEGA,1,28,50,325.0,16250.0,2021-10-17
2021101701006505,MEGA,14,28,100,325.0,32500.0,2021-10-17
2021101701006504,MEGA,44,28,65,325.0,21125.0,2021-10-17
2021101701006503,MEGA,21,28,15,325.0,4875.0,2021-10-17
2021101701006502,MEGA,45,28,100,325.0,32500.0,2021-10-17
2021101701006501,MEGA,28,28,1000,325.2,325200.0,2021-10-17
2021101701006500,MEGA,5,28,500,326.0,163000.0,2021-10-17
2021101701006499,MEGA,53,28,25,326.0,8150.0,2021-10-17
2021101701006498,MEGA,41,28,100,326.1,32610.0,2021-10-17
2021101701006497,MEGA,4,28,20,326.5,6530.0,2021-10-17
2021101701006496,MEGA,17,28,100,327.0,32700.0,2021-10-17
2021101701006495,MEGA,42,28,20,327.0,6540.0,2021-10-17
2021101701006494,MEGA,51,28,13,327.0,4251.0,2021-10-17
2021101701006493,MEGA,57,28,20,328.0,6560.0,2021-10-17
2021101701006492,MEGA,45,28,50,328.0,16400.0,2021-10-17
2021101704004804,SFMF,17,17,10000,10.75,107500.0,2021-10-17
2021101701006491,MEGA,47,28,100,328.0,32800.0,2021-10-17
2021101704004803,SFMF,17,55,4823,10.74,51799.02,2021-10-17
2021101701006490,MEGA,58,28,100,328.0,32800.0,2021-10-17
2021101701006489,MEGA,7,28,100,328.1,32810.0,2021-10-17
2021101701006488,MEGA,50,28,19,328.4,6239.6,2021-10-17
2021101701006487,MEGA,57,28,100,328.5,32850.0,2021-10-17
2021101701006486,MEGA,19,28,379,328.5,124501.5,2021-10-17
2021101701006485,MEGA,57,28,100,328.6,32860.0,2021-10-17
2021101701006484,MEGA,28,28,30,328.6,9858.0,2021-10-17
2021101701006483,MEGA,6,28,821,329.9,270847.9,2021-10-17
2021101704004802,NIL,58,57,10,1290.0,12900.0,2021-10-17
2021101704004801,NIL,48,57,10,1290.0,12900.0,2021-10-17
2021101703007194,DDBL,51,47,60,1285.0,77100.0,2021-10-17
2021101703007193,SMFDB,41,22,73,1431.0,104463.0,2021-10-17
2021101703007192,ACLBSL,57,4,10,1480.1,14801.0,2021-10-17
2021101703007191,MNBBL,57,38,137,699.0,95763.0,2021-10-17
2021101703007190,MNBBL,5,38,10,699.9,6999.0,2021-10-17
2021101703007189,NIFRA,47,51,480,359.0,172320.0,2021-10-17
2021101703007188,NIFRA,38,51,20,359.0,7180.0,2021-10-17
2021101704004800,RURU,43,14,10,1041.0,10410.0,2021-10-17
2021101703007187,HIDCL,35,40,50,310.0,15500.0,2021-10-17
2021101703007186,MNBBL,45,59,84,700.0,58800.0,2021-10-17
2021101703007185,MNBBL,45,37,91,700.0,63700.0,2021-10-17
2021101703007184,MNBBL,45,32,125,699.9,87487.5,2021-10-17
2021101701006482,NBL,34,57,15,483.5,7252.5,2021-10-17
2021101703007183,RSDC,34,57,13,842.0,10946.0,2021-10-17
2021101703007182,PLI,47,33,70,600.0,42000.0,2021-10-17
2021101703007181,CBBL,38,58,235,1770.1,415973.5,2021-10-17
2021101703007180,CBBL,38,58,220,1770.2,389444.0,2021-10-17
2021101703007179,CBBL,6,58,10,1770.3,17703.0,2021-10-17
2021101703007178,CBBL,50,58,35,1770.4,61964.0,2021-10-17
2021101703007177,KSBBL,6,59,150,681.0,102150.0,2021-10-17
2021101701006481,SBI,8,45,75,353.0,26475.0,2021-10-17
2021101704004799,GIMES1,46,17,13500,20.91,282285.0,2021-10-17
2021101704004798,GIMES1,58,17,5000,20.91,104550.0,2021-10-17
2021101704004797,GIMES1,28,17,10000,20.91,209100.0,2021-10-17
2021101704004796,GIMES1,33,17,500,20.91,10455.0,2021-10-17
2021101704004795,GIMES1,58,17,1000,20.92,20920.0,2021-10-17
2021101704004794,STC,1,42,10,7807.0,78070.0,2021-10-17
2021101703007176,SHINE,43,14,20,454.0,9080.0,2021-10-17
2021101701006480,SANIMA,40,33,1400,509.5,713300.0,2021-10-17
2021101701006479,NICA,20,58,40,848.0,33920.0,2021-10-17
2021101701006478,HDL,56,16,500,6880.0,3440000.0,2021-10-17
2021101701006477,HDL,56,25,55,6880.0,378400.0,2021-10-17
2021101704004793,SICL,45,45,25,1730.1,43252.5,2021-10-17
2021101704004792,PMHPL,49,42,10,293.0,2930.0,2021-10-17
2021101704004791,PMHPL,1,42,10,293.0,2930.0,2021-10-17
2021101701006476,NICA,20,49,1488,840.0,1249920.0,2021-10-17
2021101701006475,NICA,33,49,100,840.0,84000.0,2021-10-17
2021101701006474,NICA,57,49,50,840.0,42000.0,2021-10-17
2021101701006473,NICA,17,49,500,840.0,420000.0,2021-10-17
2021101701006472,NICA,45,49,50,840.0,42000.0,2021-10-17
2021101701006471,NICA,42,49,50,840.0,42000.0,2021-10-17
2021101701006470,NICA,59,49,100,840.0,84000.0,2021-10-17
