contract,symbol,buyer,seller,qty,rate,amt,date
2021101103017943,ICFC,41,21,10,688.0,6880.0,2021-10-11
2021101103017942,ICFC,41,42,150,684.0,102600.0,2021-10-11
2021101103017941,ICFC,41,34,90,684.0,61560.0,2021-10-11
2021101104010788,IGI,22,34,70,1017.0,71190.0,2021-10-11
2021101103017940,ICFC,28,34,10,684.0,6840.0,2021-10-11
2021101103017939,PFL,13,6,350,589.0,206150.0,2021-10-11
2021101103017938,GBBL,33,20,10,564.0,5640.0,2021-10-11
2021101104010787,NICL,32,56,200,794.0,158800.0,2021-10-11
2021101104010786,GLH,32,38,10,400.0,4000.0,2021-10-11
2021101101013798,SRBL,44,44,10,312.0,3120.0,2021-10-11
2021101101013797,NABIL,10,58,20,1450.0,29000.0,2021-10-11
2021101104010785,AKPL,50,39,10,476.0,4760.0,2021-10-11
2021101101013796,NBB,42,50,80,416.0,33280.0,2021-10-11
2021101104010784,UIC,48,47,100,598.0,59800.0,2021-10-11
2021101104010783,UIC,58,47,59,599.0,35341.0,2021-10-11
2021101101013795,EBL,34,16,45,699.6,31482.0,2021-10-11
2021101104010782,JOSHI,59,54,15,305.0,4575.0,2021-10-11
2021101101013794,EBL,25,16,20,699.6,13992.0,2021-10-11
2021101101013793,EBL,41,16,31,699.6,21687.6,2021-10-11
2021101104010781,RHPC,38,59,80,632.0,50560.0,2021-10-11
2021101104010780,RHPC,38,58,50,630.0,31500.0,2021-10-11
2021101104010779,RHPC,38,58,339,630.0,213570.0,2021-10-11
2021101104010778,RHPC,38,57,31,628.0,19468.0,2021-10-11
2021101101013792,MKJC,34,22,10,460.0,4600.0,2021-10-11
2021101103017937,FMDBL,58,56,60,898.9,53934.0,2021-10-11
2021101103017936,FMDBL,58,25,40,898.0,35920.0,2021-10-11
2021101104010777,NHPC,58,4,10,381.0,3810.0,2021-10-11
2021101104010776,RRHP,39,21,350,513.6,179760.0,2021-10-11
2021101105001933,SLI,25,56,10,553.4,5534.0,2021-10-11
2021101103017935,SAPDBL,4,48,10,355.0,3550.0,2021-10-11
2021101101013791,SANIMA,1,53,100,512.0,51200.0,2021-10-11
2021101101013790,SANIMA,48,53,600,512.2,307320.0,2021-10-11
2021101104010775,AKPL,21,39,100,476.0,47600.0,2021-10-11
2021101103017934,PROFL,52,45,175,399.0,69825.0,2021-10-11
2021101104010774,AKPL,18,39,50,476.0,23800.0,2021-10-11
2021101103017933,PROFL,52,56,250,399.0,99750.0,2021-10-11
2021101103017932,PROFL,52,45,200,398.0,79600.0,2021-10-11
2021101103017931,PROFL,52,1,125,398.0,49750.0,2021-10-11
2021101101013789,CZBIL,45,17,20,322.0,6440.0,2021-10-11
2021101101013788,CZBIL,45,33,175,322.0,56350.0,2021-10-11
2021101104010773,UMHL,6,35,36,424.0,15264.0,2021-10-11
2021101105001932,JBLB,19,33,10,4549.0,45490.0,2021-10-11
2021101101013787,KBL,57,58,58,290.0,16820.0,2021-10-11
2021101101013786,KBL,57,47,500,290.0,145000.0,2021-10-11
2021101101013785,KBL,57,49,442,290.0,128180.0,2021-10-11
2021101103017930,SFCL,14,47,50,455.0,22750.0,2021-10-11
2021101103017929,FMDBL,55,47,25,892.0,22300.0,2021-10-11
2021101101013784,HDL,56,34,20,6885.0,137700.0,2021-10-11
2021101104010772,RADHI,52,34,107,569.0,60883.0,2021-10-11
2021101104010771,RADHI,38,34,10,572.0,5720.0,2021-10-11
2021101101013783,HDL,49,34,10,6885.0,68850.0,2021-10-11
2021101104010770,NGPL,48,20,56,606.1,33941.6,2021-10-11
2021101104010769,NGPL,8,20,25,607.0,15175.0,2021-10-11
2021101104010768,NGPL,46,20,50,608.0,30400.0,2021-10-11
2021101104010767,NGPL,22,20,35,609.0,21315.0,2021-10-11
2021101104010766,NGPL,58,20,250,610.0,152500.0,2021-10-11
2021101104010765,NGPL,22,20,10,610.0,6100.0,2021-10-11
2021101104010764,NGPL,25,20,50,610.0,30500.0,2021-10-11
2021101104010763,NGPL,44,20,200,610.0,122000.0,2021-10-11
2021101104010762,NGPL,25,20,355,610.0,216550.0,2021-10-11
2021101104010761,NGPL,25,20,100,612.0,61200.0,2021-10-11
2021101104010760,NGPL,58,20,10,613.0,6130.0,2021-10-11
2021101104010759,NGPL,7,20,100,614.0,61400.0,2021-10-11
2021101104010758,NGPL,29,20,500,614.0,307000.0,2021-10-11
2021101104010757,NGPL,38,20,290,614.0,178060.0,2021-10-11
2021101104010756,NGPL,6,20,100,615.0,61500.0,2021-10-11
2021101104010755,NGPL,34,20,250,615.0,153750.0,2021-10-11
2021101104010754,NGPL,52,20,105,615.1,64585.5,2021-10-11
2021101104010753,NGPL,46,20,100,616.0,61600.0,2021-10-11
2021101104010752,NGPL,19,20,20,617.4,12348.0,2021-10-11
2021101104010751,NGPL,4,20,100,618.0,61800.0,2021-10-11
2021101104010750,NGPL,32,20,200,618.0,123600.0,2021-10-11
2021101104010749,NGPL,6,20,115,618.0,71070.0,2021-10-11
2021101104010748,NGPL,45,20,100,618.8,61880.0,2021-10-11
2021101104010747,NGPL,45,20,50,619.0,30950.0,2021-10-11
2021101104010746,NGPL,16,20,100,620.0,62000.0,2021-10-11
2021101104010745,NGPL,25,20,100,620.0,62000.0,2021-10-11
2021101104010744,NGPL,8,20,50,620.0,31000.0,2021-10-11
2021101104010743,NGPL,45,20,100,622.0,62200.0,2021-10-11
2021101104010742,NGPL,38,20,90,625.0,56250.0,2021-10-11
2021101104010741,NGPL,42,20,200,625.0,125000.0,2021-10-11
2021101104010740,NGPL,42,20,50,625.0,31250.0,2021-10-11
2021101104010739,NGPL,44,20,95,625.0,59375.0,2021-10-11
2021101104010738,NGPL,55,20,100,625.0,62500.0,2021-10-11
2021101104010737,NGPL,17,20,500,625.0,312500.0,2021-10-11
2021101104010736,NGPL,22,20,100,626.0,62600.0,2021-10-11
2021101104010735,NGPL,44,20,344,629.0,216376.0,2021-10-11
2021101103017928,CFCL,38,28,80,494.9,39592.0,2021-10-11
2021101103017927,EDBL,7,49,15,566.0,8490.0,2021-10-11
2021101104010734,SICL,51,58,29,1720.0,49880.0,2021-10-11
2021101104010733,SSHL,11,58,10,326.5,3265.0,2021-10-11
2021101105001931,JBLB,5,38,10,4550.0,45500.0,2021-10-11
2021101105001930,JBLB,5,19,10,4550.0,45500.0,2021-10-11
2021101105001929,JBLB,5,54,30,4550.0,136500.0,2021-10-11
2021101103017926,GILB,49,18,10,2266.0,22660.0,2021-10-11
2021101101013782,HDL,56,48,10,6920.0,69200.0,2021-10-11
2021101103017925,SADBL,56,58,10,388.0,3880.0,2021-10-11
2021101103017924,MLBL,20,19,50,576.0,28800.0,2021-10-11
2021101103017923,MLBL,34,19,10,576.0,5760.0,2021-10-11
2021101103017922,MLBL,22,19,100,576.0,57600.0,2021-10-11
2021101103017921,MLBL,38,19,200,576.3,115260.0,2021-10-11
2021101103017920,MLBL,36,19,500,577.0,288500.0,2021-10-11
2021101103017919,MLBL,50,19,100,577.0,57700.0,2021-10-11
2021101103017918,MLBL,19,19,10,577.0,5770.0,2021-10-11
2021101103017917,MLBL,44,19,30,578.0,17340.0,2021-10-11
2021101103017916,MLBL,54,19,100,578.2,57820.0,2021-10-11
2021101103017915,MLBL,3,19,850,578.3,491555.0,2021-10-11
2021101103017914,MLBL,58,19,50,579.0,28950.0,2021-10-11
2021101103017913,SINDU,43,19,100,425.1,42510.0,2021-10-11
2021101104010732,MHNL,21,52,30,365.6,10968.0,2021-10-11
2021101104010731,MHNL,58,52,10,365.6,3656.0,2021-10-11
2021101104010730,MHNL,44,52,90,369.0,33210.0,2021-10-11
2021101103017912,LBBL,48,34,30,510.0,15300.0,2021-10-11
2021101103017911,LBBL,48,45,60,510.0,30600.0,2021-10-11
2021101103017910,NRIC,42,40,124,1280.0,158720.0,2021-10-11
2021101103017909,NRIC,51,40,20,1280.0,25600.0,2021-10-11
2021101103017908,NRIC,42,40,50,1280.0,64000.0,2021-10-11
2021101103017907,NRIC,7,40,297,1280.0,380160.0,2021-10-11
2021101103017906,NRIC,35,40,100,1280.0,128000.0,2021-10-11
2021101103017905,NRIC,7,40,19,1280.0,24320.0,2021-10-11
2021101103017904,NRIC,49,40,50,1280.0,64000.0,2021-10-11
2021101103017903,NRIC,17,40,20,1280.0,25600.0,2021-10-11
2021101103017902,NRIC,17,40,100,1280.0,128000.0,2021-10-11
2021101103017901,NRIC,1,40,100,1280.0,128000.0,2021-10-11
2021101103017900,NRIC,8,40,50,1280.0,64000.0,2021-10-11
2021101103017899,NRIC,49,40,50,1280.0,64000.0,2021-10-11
2021101103017898,NRIC,57,40,25,1280.1,32002.5,2021-10-11
2021101103017897,NRIC,21,40,200,1281.0,256200.0,2021-10-11
2021101103017896,NRIC,52,40,300,1284.0,385200.0,2021-10-11
2021101105001928,SLI,25,44,10,553.4,5534.0,2021-10-11
2021101104010729,UPCL,47,41,50,342.9,17145.0,2021-10-11
2021101104010728,UPCL,20,41,50,343.0,17150.0,2021-10-11
2021101103017895,SADBL,41,58,30,388.0,11640.0,2021-10-11
2021101101013781,GBIME,58,6,50,401.5,20075.0,2021-10-11
2021101103017894,NLIC,32,20,11,1687.0,18557.0,2021-10-11
2021101101013780,NCCB,32,43,54,299.0,16146.0,2021-10-11
2021101104010727,AKPL,48,49,50,476.0,23800.0,2021-10-11
2021101103017893,GMFIL,47,7,43,477.0,20511.0,2021-10-11
2021101101013779,HDL,1,47,10,6900.0,69000.0,2021-10-11
2021101104010726,LEC,47,56,30,334.0,10020.0,2021-10-11
2021101101013778,KBL,16,34,120,289.9,34788.0,2021-10-11
2021101104010725,MHNL,14,34,10,370.0,3700.0,2021-10-11
2021101104010708,SJCL,55,41,20,343.0,6860.0,2021-10-11
2021101101013775,HDL,28,14,10,6919.0,69190.0,2021-10-11
2021101104010707,SJCL,16,41,480,343.0,164640.0,2021-10-11
2021101104010706,SJCL,26,41,20,344.0,6880.0,2021-10-11
2021101101013774,SRBL,28,44,100,312.0,31200.0,2021-10-11
2021101103017891,NIFRA,22,41,100,361.5,36150.0,2021-10-11
2021101104010705,SJCL,47,41,100,345.0,34500.0,2021-10-11
2021101103017890,MLBBL,49,45,12,2030.0,24360.0,2021-10-11
2021101103017889,MLBBL,49,18,50,2020.0,101000.0,2021-10-11
2021101103017888,NLIC,21,21,75,1688.0,126600.0,2021-10-11
2021101103017887,KSBBL,45,56,50,655.0,32750.0,2021-10-11
2021101103017886,KSBBL,29,56,50,655.0,32750.0,2021-10-11
2021101104010704,LEC,38,56,50,334.0,16700.0,2021-10-11
2021101103017885,NLIC,42,21,10,1688.0,16880.0,2021-10-11
2021101101013773,PRVU,49,14,20,398.0,7960.0,2021-10-11
2021101101013772,PRVU,34,14,63,398.0,25074.0,2021-10-11
2021101101013771,PRVU,58,14,33,398.0,13134.0,2021-10-11
2021101101013770,PRVU,43,14,360,398.0,143280.0,2021-10-11
2021101101013769,SANIMA,19,38,400,512.5,205000.0,2021-10-11
2021101101013768,NCCB,48,43,136,299.0,40664.0,2021-10-11
2021101101013767,NCCB,48,50,64,298.0,19072.0,2021-10-11
2021101103017884,KSBBL,45,47,100,656.0,65600.0,2021-10-11
2021101101013777,NABIL,35,58,100,1450.0,145000.0,2021-10-11
2021101104010724,RADHI,20,55,56,574.9,32194.4,2021-10-11
2021101103017892,MNBBL,41,38,172,689.9,118662.8,2021-10-11
2021101101013776,SRBL,38,44,100,312.0,31200.0,2021-10-11
2021101104010723,SJCL,17,41,400,340.2,136080.0,2021-10-11
2021101104010722,SJCL,53,41,150,340.3,51045.0,2021-10-11
2021101104010721,SJCL,56,41,160,340.4,54464.0,2021-10-11
2021101104010720,SJCL,58,41,20,340.5,6810.0,2021-10-11
2021101104010719,SJCL,49,41,40,341.0,13640.0,2021-10-11
2021101104010718,SJCL,26,41,20,341.0,6820.0,2021-10-11
2021101104010717,SJCL,42,41,60,341.0,20460.0,2021-10-11
2021101104010716,SJCL,6,41,30,341.0,10230.0,2021-10-11
2021101104010715,SJCL,21,41,200,341.1,68220.0,2021-10-11
2021101104010714,SJCL,45,41,70,342.0,23940.0,2021-10-11
2021101104010713,SJCL,46,41,30,342.0,10260.0,2021-10-11
2021101104010712,SJCL,16,41,50,342.0,17100.0,2021-10-11
2021101104010711,SJCL,44,41,50,342.0,17100.0,2021-10-11
2021101104010710,SJCL,4,41,90,342.9,30861.0,2021-10-11
2021101104010709,SJCL,45,41,10,343.0,3430.0,2021-10-11
2021101104010703,NBF2,13,3,4600,10.7,49220.0,2021-10-11
2021101103017883,KRBL,38,6,10,428.4,4284.0,2021-10-11
2021101103017882,KRBL,38,32,500,427.3,213650.0,2021-10-11
2021101103017881,KRBL,38,16,100,427.0,42700.0,2021-10-11
2021101103017880,KRBL,38,48,155,425.0,65875.0,2021-10-11
2021101101013766,NBL,38,33,100,485.0,48500.0,2021-10-11
2021101103017879,NLBBL,49,28,80,1400.0,112000.0,2021-10-11
2021101103017878,NLBBL,34,28,30,1400.0,42000.0,2021-10-11
2021101103017877,NLBBL,51,28,20,1400.0,28000.0,2021-10-11
2021101103017876,NLBBL,58,28,15,1400.0,21000.0,2021-10-11
2021101103017875,NLBBL,3,28,10,1400.1,14001.0,2021-10-11
2021101103017874,NLBBL,22,28,25,1402.0,35050.0,2021-10-11
2021101103017873,NLBBL,22,28,20,1403.0,28060.0,2021-10-11
2021101103017872,MFIL,55,54,60,1025.1,61506.0,2021-10-11
2021101101013765,MEGA,28,45,10,329.5,3295.0,2021-10-11
2021101103017871,MFIL,34,54,50,1025.1,51255.0,2021-10-11
2021101103017870,MFIL,53,54,30,1026.0,30780.0,2021-10-11
2021101103017869,MFIL,58,54,50,1026.5,51325.0,2021-10-11
2021101103017868,MFIL,19,54,10,1027.0,10270.0,2021-10-11
2021101104010702,GIC,42,54,20,560.0,11200.0,2021-10-11
2021101103017867,MFIL,16,54,50,1027.0,51350.0,2021-10-11
2021101103017866,MFIL,10,54,100,1028.0,102800.0,2021-10-11
2021101104010701,GIC,43,54,30,560.1,16803.0,2021-10-11
2021101104010700,MHNL,32,4,30,372.0,11160.0,2021-10-11
2021101101013764,CCBL,57,41,100,238.5,23850.0,2021-10-11
2021101101013763,MKJC,34,49,10,460.0,4600.0,2021-10-11
2021101101013762,LBL,34,14,10,332.0,3320.0,2021-10-11
2021101101013761,NABIL,59,58,70,1450.0,101500.0,2021-10-11
2021101104010699,SICL,58,59,42,1719.9,72235.8,2021-10-11
2021101101013760,SHIVM,35,26,100,1290.0,129000.0,2021-10-11
2021101104010698,MHNL,20,4,50,372.0,18600.0,2021-10-11
2021101101013759,PRVU,43,40,490,398.0,195020.0,2021-10-11
2021101101013758,PRVU,33,40,10,398.5,3985.0,2021-10-11
2021101101013757,NABIL,21,58,100,1450.0,145000.0,2021-10-11
2021101101013756,NBL,21,33,70,485.0,33950.0,2021-10-11
2021101101013755,NICA,42,26,88,840.0,73920.0,2021-10-11
2021101101013754,NICA,42,1,35,840.0,29400.0,2021-10-11
2021101101013753,NICA,42,39,145,840.0,121800.0,2021-10-11
2021101101013752,NICA,42,39,55,840.0,46200.0,2021-10-11
2021101101013751,ADBL,49,14,20,509.0,10180.0,2021-10-11
2021101103017865,BFC,4,57,10,428.0,4280.0,2021-10-11
2021101104010697,API,19,34,396,429.0,169884.0,2021-10-11
2021101104010696,API,19,3,104,428.9,44605.6,2021-10-11
2021101101013750,ADBL,52,44,500,510.0,255000.0,2021-10-11
2021101101013749,ADBL,52,14,24,510.0,12240.0,2021-10-11
2021101101013748,ADBL,52,35,20,510.0,10200.0,2021-10-11
2021101101013747,MEGA,7,35,256,329.0,84224.0,2021-10-11
2021101101013746,MEGA,49,35,40,329.0,13160.0,2021-10-11
2021101101013745,MEGA,28,35,123,329.1,40479.3,2021-10-11
2021101103017864,SAPDBL,35,48,10,355.0,3550.0,2021-10-11
2021101103017863,NLIC,38,21,20,1688.0,33760.0,2021-10-11
2021101103017862,LICN,25,33,30,1935.0,58050.0,2021-10-11
2021101103017861,LICN,25,34,50,1930.0,96500.0,2021-10-11
2021101101013744,BOKL,51,59,20,341.6,6832.0,2021-10-11
2021101103017860,JLI,54,14,10,569.0,5690.0,2021-10-11
2021101103017859,NMFBS,33,55,10,2964.0,29640.0,2021-10-11
2021101103017858,NMFBS,33,7,50,2963.8,148190.0,2021-10-11
2021101103017857,NMFBS,33,39,15,2940.0,44100.0,2021-10-11
2021101104010695,RRHP,57,22,10,519.0,5190.0,2021-10-11
2021101104010694,RRHP,57,58,20,515.7,10314.0,2021-10-11
2021101101013743,NBL,57,33,75,485.0,36375.0,2021-10-11
2021101105001927,SLI,58,49,10,553.0,5530.0,2021-10-11
2021101104010693,MEN,17,57,175,1100.0,192500.0,2021-10-11
2021101104010692,MEN,17,58,10,1100.0,11000.0,2021-10-11
2021101104010691,MEN,17,58,245,1100.0,269500.0,2021-10-11
2021101104010690,MEN,17,14,10,1100.0,11000.0,2021-10-11
2021101104010689,MEN,17,44,10,1100.0,11000.0,2021-10-11
2021101104010688,MEN,17,49,10,1100.0,11000.0,2021-10-11
2021101104010687,MEN,17,58,10,1095.0,10950.0,2021-10-11
2021101104010686,MEN,17,58,500,1095.0,547500.0,2021-10-11
2021101104010685,MEN,17,46,10,1090.0,10900.0,2021-10-11
2021101103017856,CFCL,17,28,890,494.9,440461.0,2021-10-11
2021101104010684,MEN,17,1,10,1089.0,10890.0,2021-10-11
2021101103017855,CFCL,17,47,100,494.5,49450.0,2021-10-11
2021101104010683,MEN,17,39,10,1088.0,10880.0,2021-10-11
2021101103017854,CFCL,17,17,10,494.0,4940.0,2021-10-11
2021101103017853,HIDCL,34,34,452,304.0,137408.0,2021-10-11
2021101103017852,HIDCL,39,34,30,304.0,9120.0,2021-10-11
2021101103017851,HIDCL,34,34,30,304.0,9120.0,2021-10-11
2021101103017850,HIDCL,49,34,185,304.2,56277.0,2021-10-11
2021101103017849,HIDCL,49,34,14,304.5,4263.0,2021-10-11
2021101103017848,HIDCL,29,34,89,306.0,27234.0,2021-10-11
2021101103017847,GBBL,34,34,25,562.5,14062.5,2021-10-11
2021101103017846,GBBL,45,34,25,562.5,14062.5,2021-10-11
2021101101013742,PCBL,26,25,500,477.0,238500.0,2021-10-11
2021101104010682,UMHL,13,35,10,424.0,4240.0,2021-10-11
2021101103017845,MLBSL,35,7,10,5220.0,52200.0,2021-10-11
2021101103017844,MLBSL,46,7,10,5220.0,52200.0,2021-10-11
2021101103017843,NFS,58,44,100,508.0,50800.0,2021-10-11
2021101103017842,NLIC,11,58,25,1687.0,42175.0,2021-10-11
2021101103017841,GFCL,58,34,10,674.9,6749.0,2021-10-11
2021101104010681,UPPER,29,13,10,605.0,6050.0,2021-10-11
2021101103017840,CHDC,21,33,40,831.0,33240.0,2021-10-11
2021101103017839,SFCL,42,47,50,455.0,22750.0,2021-10-11
2021101103017838,CHDC,53,33,100,831.0,83100.0,2021-10-11
2021101104010680,RRHP,39,58,105,515.7,54148.5,2021-10-11
2021101104010679,RRHP,39,35,395,515.0,203425.0,2021-10-11
2021101101013741,MEGA,52,45,25,329.5,8237.5,2021-10-11
2021101103017837,SAPDBL,6,48,36,355.0,12780.0,2021-10-11
2021101103017836,SAPDBL,35,48,10,355.0,3550.0,2021-10-11
2021101103017835,SAPDBL,7,48,348,355.0,123540.0,2021-10-11
2021101101013740,NABIL,45,58,10,1450.0,14500.0,2021-10-11
2021101101013739,SANIMA,13,38,300,512.5,153750.0,2021-10-11
2021101101013738,SHIVM,38,16,10,1296.0,12960.0,2021-10-11
2021101101013737,MBL,22,34,322,386.0,124292.0,2021-10-11
2021101101013736,MBL,36,34,300,386.0,115800.0,2021-10-11
2021101101013735,MBL,25,34,100,386.5,38650.0,2021-10-11
2021101101013734,MBL,5,34,500,386.7,193350.0,2021-10-11
2021101101013733,MBL,37,34,820,386.8,317176.0,2021-10-11
2021101104010678,RHPL,25,58,20,345.0,6900.0,2021-10-11
2021101101013732,MBL,43,34,48,386.8,18566.4,2021-10-11
2021101101013731,MBL,13,34,40,386.9,15476.0,2021-10-11
2021101101013730,MBL,58,34,370,386.9,143153.0,2021-10-11
2021101101013729,MBL,57,34,300,387.0,116100.0,2021-10-11
2021101101013728,MBL,34,34,100,387.0,38700.0,2021-10-11
2021101101013727,MBL,49,34,200,387.0,77400.0,2021-10-11
2021101101013726,MBL,49,34,50,387.0,19350.0,2021-10-11
2021101101013725,MBL,45,34,650,387.0,251550.0,2021-10-11
2021101101013724,MBL,22,34,1200,388.0,465600.0,2021-10-11
2021101103017834,RLFL,41,39,50,518.0,25900.0,2021-10-11
2021101101013723,HDL,57,14,50,6919.0,345950.0,2021-10-11
2021101103017833,MLBL,32,49,50,580.1,29005.0,2021-10-11
2021101103017832,MLBL,32,22,325,580.0,188500.0,2021-10-11
2021101105001926,SLI,58,49,10,553.0,5530.0,2021-10-11
2021101101013722,KBL,16,34,11,289.9,3188.9,2021-10-11
2021101104010677,SPDL,34,34,10,410.0,4100.0,2021-10-11
2021101103017831,FOWAD,46,44,10,2879.0,28790.0,2021-10-11
2021101104010676,API,46,3,300,428.9,128670.0,2021-10-11
2021101103017830,JBBL,11,52,10,486.0,4860.0,2021-10-11
2021101103017829,JBBL,11,21,10,486.0,4860.0,2021-10-11
2021101103017828,MLBSL,46,11,10,5220.0,52200.0,2021-10-11
2021101103017827,CBBL,44,36,10,1770.0,17700.0,2021-10-11
2021101103017826,CBBL,41,36,50,1770.0,88500.0,2021-10-11
2021101103017825,CBBL,58,36,10,1770.0,17700.0,2021-10-11
2021101103017824,CBBL,7,36,10,1770.0,17700.0,2021-10-11
2021101103017823,CBBL,58,36,10,1770.0,17700.0,2021-10-11
2021101103017822,CBBL,58,36,60,1770.0,106200.0,2021-10-11
2021101103017821,CBBL,49,36,100,1772.0,177200.0,2021-10-11
2021101103017820,CBBL,45,36,100,1772.0,177200.0,2021-10-11
2021101103017819,GMFIL,58,7,100,477.0,47700.0,2021-10-11
2021101103017818,GMFIL,13,7,80,477.0,38160.0,2021-10-11
2021101103017817,GMFIL,5,7,30,478.0,14340.0,2021-10-11
2021101103017816,GMFIL,41,7,82,478.0,39196.0,2021-10-11
2021101101013721,NABIL,45,58,10,1450.0,14500.0,2021-10-11
2021101101013720,NABIL,17,58,100,1450.0,145000.0,2021-10-11
2021101101013719,NABIL,16,58,10,1450.0,14500.0,2021-10-11
2021101101013718,NABIL,48,58,20,1450.0,29000.0,2021-10-11
2021101101013717,NABIL,29,58,20,1451.0,29020.0,2021-10-11
2021101101013716,NABIL,19,58,243,1455.0,353565.0,2021-10-11
2021101101013715,NABIL,49,58,600,1455.0,873000.0,2021-10-11
2021101101013714,NABIL,8,58,87,1455.0,126585.0,2021-10-11
2021101103017815,NIFRA,22,41,13,361.5,4699.5,2021-10-11
2021101104010675,NICL,42,41,200,793.0,158600.0,2021-10-11
2021101103017814,NIFRA,32,41,37,361.9,13390.3,2021-10-11
2021101104010674,NIL,6,41,100,1280.0,128000.0,2021-10-11
2021101101013713,PCBL,41,29,75,476.0,35700.0,2021-10-11
2021101104010673,NIL,6,48,90,1280.0,115200.0,2021-10-11
2021101104010672,NIL,6,55,50,1279.0,63950.0,2021-10-11
2021101101013712,PCBL,49,29,325,476.9,154992.5,2021-10-11
2021101104010671,NIL,6,7,60,1279.0,76740.0,2021-10-11
2021101105001925,SLI,58,49,10,553.0,5530.0,2021-10-11
2021101103017813,JBBL,42,21,90,486.0,43740.0,2021-10-11
2021101103017812,JBBL,42,56,10,486.0,4860.0,2021-10-11
2021101103017811,PLIC,45,50,146,835.0,121910.0,2021-10-11
2021101103017810,NRIC,45,40,200,1285.0,257000.0,2021-10-11
2021101101013711,PRVU,45,58,50,398.8,19940.0,2021-10-11
2021101104010670,HDHPC,45,10,17,299.0,5083.0,2021-10-11
2021101103017809,KSBBL,45,47,10,656.0,6560.0,2021-10-11
2021101103017808,CHDC,35,33,20,831.0,16620.0,2021-10-11
2021101103017807,PROFL,16,1,450,398.0,179100.0,2021-10-11
2021101103017806,PROFL,16,36,50,397.0,19850.0,2021-10-11
2021101101013710,NBL,38,33,1000,485.0,485000.0,2021-10-11
2021101104010669,IGI,8,51,70,1015.0,71050.0,2021-10-11
2021101104010668,IGI,43,51,30,1016.0,30480.0,2021-10-11
2021101103017805,NLIC,57,21,10,1688.0,16880.0,2021-10-11
2021101103017804,SHINE,14,57,40,459.0,18360.0,2021-10-11
2021101103017803,BFC,42,57,50,425.0,21250.0,2021-10-11
2021101103017802,BFC,28,57,100,425.0,42500.0,2021-10-11
2021101103017801,BFC,6,57,100,425.0,42500.0,2021-10-11
2021101103017800,SWBBL,57,51,35,1625.0,56875.0,2021-10-11
2021101104010667,NGPL,44,35,30,629.0,18870.0,2021-10-11
2021101104010666,NGPL,44,57,50,629.0,31450.0,2021-10-11
2021101104010665,NGPL,44,50,26,628.0,16328.0,2021-10-11
2021101104010664,NGPL,54,50,19,628.0,11932.0,2021-10-11
2021101104010663,NGPL,35,50,120,628.0,75360.0,2021-10-11
2021101101013709,MKJC,42,44,10,466.9,4669.0,2021-10-11
2021101103017799,KSBBL,17,47,10,656.0,6560.0,2021-10-11
2021101103017798,MLBL,34,22,520,580.0,301600.0,2021-10-11
2021101103017797,MLBL,34,22,30,580.0,17400.0,2021-10-11
2021101103017796,MLBL,34,17,250,579.0,144750.0,2021-10-11
2021101101013708,EICPO,34,43,10,386.9,3869.0,2021-10-11
2021101103017795,NIFRA,32,34,40,361.9,14476.0,2021-10-11
2021101101013707,MEGA,34,45,20,329.5,6590.0,2021-10-11
2021101104010662,NHPC,47,35,50,380.0,19000.0,2021-10-11
2021101103017794,JBBL,7,56,50,486.0,24300.0,2021-10-11
2021101103017793,MERO,58,34,161,1385.0,222985.0,2021-10-11
2021101103017792,MERO,57,34,50,1385.0,69250.0,2021-10-11
2021101103017791,MERO,45,34,10,1385.0,13850.0,2021-10-11
2021101103017790,MERO,42,34,10,1385.0,13850.0,2021-10-11
2021101103017789,MERO,14,34,50,1385.0,69250.0,2021-10-11
2021101103017788,MERO,29,34,100,1385.0,138500.0,2021-10-11
2021101103017787,MERO,49,34,10,1385.0,13850.0,2021-10-11
2021101103017786,MERO,11,34,50,1385.0,69250.0,2021-10-11
2021101103017785,MERO,48,34,159,1385.0,220215.0,2021-10-11
2021101103017784,JFL,58,52,25,585.0,14625.0,2021-10-11
2021101103017783,JFL,58,34,50,585.0,29250.0,2021-10-11
2021101101013706,HDL,49,58,90,6885.0,619650.0,2021-10-11
2021101103017782,JFL,58,35,85,582.0,49470.0,2021-10-11
2021101104010661,HDHPC,58,10,55,299.0,16445.0,2021-10-11
2021101103017781,JFL,58,52,240,581.0,139440.0,2021-10-11
2021101101013705,HDL,28,58,10,6885.0,68850.0,2021-10-11
2021101103017780,JFL,58,41,100,580.0,58000.0,2021-10-11
2021101103017779,HIDCL,29,41,1000,306.0,306000.0,2021-10-11
2021101103017778,HIDCL,29,32,60,306.0,18360.0,2021-10-11
2021101103017777,HIDCL,29,47,100,305.4,30540.0,2021-10-11
2021101103017776,HIDCL,29,34,200,305.0,61000.0,2021-10-11
2021101103017775,HIDCL,29,45,257,305.0,78385.0,2021-10-11
2021101103017774,HIDCL,29,44,196,305.0,59780.0,2021-10-11
2021101103017773,HIDCL,29,58,98,304.5,29841.0,2021-10-11
2021101105001924,SLI,58,21,10,553.0,5530.0,2021-10-11
2021101104010660,AHPC,11,56,110,405.0,44550.0,2021-10-11
2021101104010659,AHPC,41,56,50,405.0,20250.0,2021-10-11
2021101104010658,AHPC,3,56,50,405.0,20250.0,2021-10-11
2021101104010657,AHPC,16,56,10,405.0,4050.0,2021-10-11
2021101104010656,AHPC,21,56,20,405.0,8100.0,2021-10-11
2021101104010655,AHPC,41,56,50,405.0,20250.0,2021-10-11
2021101104010654,AHPC,22,56,50,405.0,20250.0,2021-10-11
2021101104010653,AHPC,57,56,100,405.0,40500.0,2021-10-11
2021101104010652,AHPC,38,56,200,405.0,81000.0,2021-10-11
2021101104010651,AHPC,19,56,30,405.1,12153.0,2021-10-11
2021101104010650,AHPC,42,56,330,408.0,134640.0,2021-10-11
2021101104010649,UMHL,42,56,467,420.0,196140.0,2021-10-11
2021101104010648,UMHL,36,56,500,420.0,210000.0,2021-10-11
2021101104010647,UMHL,48,56,50,420.1,21005.0,2021-10-11
2021101104010646,UMHL,49,56,1200,420.1,504120.0,2021-10-11
2021101104010645,UMHL,57,56,1000,420.2,420200.0,2021-10-11
2021101104010644,UMHL,34,56,50,421.0,21050.0,2021-10-11
2021101104010643,UMHL,5,56,500,421.0,210500.0,2021-10-11
2021101104010642,UMHL,56,56,100,421.0,42100.0,2021-10-11
2021101104010641,UMHL,58,56,50,421.0,21050.0,2021-10-11
2021101103017772,GMFIL,26,56,20,478.0,9560.0,2021-10-11
2021101104010640,UMHL,49,56,50,421.0,21050.0,2021-10-11
2021101104010639,UMHL,55,56,533,421.0,224393.0,2021-10-11
2021101103017771,GMFIL,19,56,80,478.0,38240.0,2021-10-11
2021101104010638,UMHL,55,14,264,421.0,111144.0,2021-10-11
2021101104010637,UMHL,38,14,26,421.0,10946.0,2021-10-11
2021101104010636,UMHL,48,14,160,422.0,67520.0,2021-10-11
2021101104010635,UMHL,13,14,100,422.0,42200.0,2021-10-11
2021101103017770,DDBL,52,42,15,1306.0,19590.0,2021-10-11
2021101104010634,NIL,52,7,30,1279.0,38370.0,2021-10-11
2021101104010633,GIMES1,57,26,5240,21.65,113446.0,2021-10-11
2021101104010632,GIMES1,49,26,760,21.66,16461.6,2021-10-11
2021101105001923,ULI,57,45,20,580.0,11600.0,2021-10-11
2021101105001922,ULI,41,45,50,583.0,29150.0,2021-10-11
2021101105001921,ULI,8,45,20,583.0,11660.0,2021-10-11
2021101104010631,CHCL,48,34,10,602.0,6020.0,2021-10-11
2021101103017769,PFL,13,40,90,589.0,53010.0,2021-10-11
2021101103017768,PFL,41,40,10,589.7,5897.0,2021-10-11
2021101101013704,KBL,16,16,408,289.9,118279.2,2021-10-11
2021101104010630,SHPC,35,16,290,384.0,111360.0,2021-10-11
2021101104010629,SHPC,35,26,100,384.0,38400.0,2021-10-11
2021101104010628,SHPC,35,29,50,384.0,19200.0,2021-10-11
2021101104010627,SHPC,35,34,60,384.0,23040.0,2021-10-11
2021101101013703,CZBIL,58,33,100,322.0,32200.0,2021-10-11
2021101101013702,NCCB,58,50,15,298.0,4470.0,2021-10-11
2021101101013701,NCCB,44,50,50,298.0,14900.0,2021-10-11
2021101101013700,NCCB,48,50,200,298.0,59600.0,2021-10-11
2021101101013699,NCCB,19,50,25,298.0,7450.0,2021-10-11
2021101101013698,NCCB,45,50,50,298.0,14900.0,2021-10-11
2021101101013697,NCCB,13,50,16,298.0,4768.0,2021-10-11
2021101101013696,NCCB,36,50,55,298.0,16390.0,2021-10-11
2021101101013695,NCCB,10,50,500,298.0,149000.0,2021-10-11
2021101101013694,NCCB,33,50,10,298.0,2980.0,2021-10-11
2021101101013693,NCCB,21,50,15,298.0,4470.0,2021-10-11
2021101101013692,NCCB,6,50,200,298.1,59620.0,2021-10-11
2021101101013691,NCCB,42,50,500,298.2,149100.0,2021-10-11
2021101101013690,NCCB,47,50,300,299.0,89700.0,2021-10-11
2021101101013689,NBB,57,49,30,415.0,12450.0,2021-10-11
2021101103017767,NIFRA,17,35,20,362.0,7240.0,2021-10-11
2021101103017766,MLBL,29,17,250,579.0,144750.0,2021-10-11
2021101104010626,RRHP,34,35,50,515.0,25750.0,2021-10-11
2021101104010625,CHCL,43,34,156,602.0,93912.0,2021-10-11
2021101103017765,NTC,38,33,50,990.0,49500.0,2021-10-11
2021101103017764,MMFDB,20,16,12,1500.0,18000.0,2021-10-11
2021101103017763,MMFDB,29,16,20,1500.0,30000.0,2021-10-11
2021101103017762,EDBL,58,49,50,566.0,28300.0,2021-10-11
2021101103017761,MLBSL,58,43,10,5224.0,52240.0,2021-10-11
2021101103017760,NIFRA,51,35,99,362.0,35838.0,2021-10-11
2021101103017759,NIFRA,51,38,50,362.0,18100.0,2021-10-11
2021101103017758,NIFRA,51,58,50,362.0,18100.0,2021-10-11
2021101103017757,NIFRA,51,38,30,362.0,10860.0,2021-10-11
2021101103017756,NIFRA,51,57,100,362.0,36200.0,2021-10-11
2021101103017755,NIFRA,51,36,500,362.0,181000.0,2021-10-11
2021101103017754,NIFRA,51,58,50,362.0,18100.0,2021-10-11
2021101103017753,NIFRA,51,48,50,362.0,18100.0,2021-10-11
2021101103017752,NIFRA,51,34,71,362.0,25702.0,2021-10-11
2021101101013688,SHIVM,54,29,90,1288.2,115938.0,2021-10-11
2021101101013687,SHIVM,35,29,30,1289.0,38670.0,2021-10-11
2021101101013686,SHIVM,33,29,50,1290.0,64500.0,2021-10-11
2021101101013685,SHIVM,20,29,30,1290.0,38700.0,2021-10-11
2021101104010624,RRHP,39,55,2070,513.6,1063152.0,2021-10-11
2021101104010623,RRHP,29,55,195,514.0,100230.0,2021-10-11
2021101104010622,API,49,34,1000,429.0,429000.0,2021-10-11
2021101103017751,SADBL,56,44,20,386.0,7720.0,2021-10-11
2021101103017750,NRIC,26,40,50,1285.0,64250.0,2021-10-11
2021101103017749,JBBL,26,56,10,486.0,4860.0,2021-10-11
2021101103017748,DDBL,34,19,14,1305.0,18270.0,2021-10-11
2021101101013684,KBL,14,19,100,289.6,28960.0,2021-10-11
2021101104010621,NLG,45,43,80,881.0,70480.0,2021-10-11
2021101103017747,NMFBS,45,39,10,2940.0,29400.0,2021-10-11
2021101103017746,MLBL,22,22,60,580.0,34800.0,2021-10-11
2021101105001920,JBLB,48,54,200,4550.0,910000.0,2021-10-11
2021101105001919,JBLB,21,54,10,4550.0,45500.0,2021-10-11
2021101104010620,STC,17,35,12,7660.0,91920.0,2021-10-11
2021101101013680,SANIMA,14,38,60,512.2,30732.0,2021-10-11
2021101103017744,FMDBL,54,47,55,895.0,49225.0,2021-10-11
2021101103017743,NIFRA,32,43,23,361.0,8303.0,2021-10-11
2021101103017742,NICLBSL,26,28,337,1133.0,381821.0,2021-10-11
2021101103017741,NICLBSL,26,8,63,1130.0,71190.0,2021-10-11
2021101103017740,GBBL,13,20,600,564.0,338400.0,2021-10-11
2021101103017739,MNBBL,41,38,93,689.9,64160.7,2021-10-11
2021101101013679,CCBL,17,22,50,238.0,11900.0,2021-10-11
2021101101013678,CCBL,38,22,500,238.0,119000.0,2021-10-11
2021101101013677,CCBL,51,22,20,238.0,4760.0,2021-10-11
2021101101013676,CCBL,58,22,200,238.0,47600.0,2021-10-11
2021101101013675,CCBL,37,22,10,238.0,2380.0,2021-10-11
2021101101013674,CCBL,43,22,100,238.0,23800.0,2021-10-11
2021101101013673,CCBL,19,22,10,238.0,2380.0,2021-10-11
2021101101013672,CCBL,51,22,20,238.0,4760.0,2021-10-11
2021101101013671,CCBL,6,22,100,238.0,23800.0,2021-10-11
2021101101013670,CCBL,42,22,10,238.0,2380.0,2021-10-11
2021101101013669,CCBL,17,22,608,238.0,144704.0,2021-10-11
2021101101013668,GBIME,22,42,80,402.0,32160.0,2021-10-11
2021101101013667,GBIME,22,48,20,401.5,8030.0,2021-10-11
2021101101013666,NBL,41,33,50,485.0,24250.0,2021-10-11
2021101101013665,GBIME,35,48,50,401.5,20075.0,2021-10-11
2021101105001918,JBLB,45,33,10,4550.0,45500.0,2021-10-11
2021101101013683,HDL,50,47,10,6900.0,69000.0,2021-10-11
2021101101013682,HDL,6,47,12,6900.0,82800.0,2021-10-11
2021101103017745,MLBL,42,22,10,580.0,5800.0,2021-10-11
2021101101013681,SANIMA,14,38,40,512.5,20500.0,2021-10-11
2021101101013664,NBB,57,6,120,415.0,49800.0,2021-10-11
2021101104010619,TRH,17,14,35,358.0,12530.0,2021-10-11
2021101101013663,NBB,57,6,80,415.1,33208.0,2021-10-11
2021101101013662,MEGA,28,37,500,329.1,164550.0,2021-10-11
2021101104010618,UNHPL,49,14,10,320.0,3200.0,2021-10-11
2021101101013661,CZBIL,16,52,482,318.0,153276.0,2021-10-11
2021101101013660,CZBIL,7,52,50,318.5,15925.0,2021-10-11
2021101101013659,CZBIL,10,52,200,318.6,63720.0,2021-10-11
2021101101013658,CZBIL,38,52,200,319.0,63800.0,2021-10-11
2021101101013657,CZBIL,57,52,50,319.0,15950.0,2021-10-11
2021101101013656,CZBIL,21,52,100,319.0,31900.0,2021-10-11
2021101101013655,CZBIL,6,52,500,319.0,159500.0,2021-10-11
2021101101013654,CZBIL,43,52,30,319.1,9573.0,2021-10-11
2021101101013653,CZBIL,59,52,80,319.3,25544.0,2021-10-11
2021101101013652,CZBIL,19,52,500,320.0,160000.0,2021-10-11
2021101101013651,CZBIL,42,52,15,320.0,4800.0,2021-10-11
2021101101013650,CZBIL,16,52,500,320.0,160000.0,2021-10-11
2021101101013649,CZBIL,19,52,100,320.0,32000.0,2021-10-11
2021101101013648,CZBIL,43,52,500,320.0,160000.0,2021-10-11
2021101101013647,CZBIL,54,52,35,320.0,11200.0,2021-10-11
2021101101013646,CZBIL,19,52,50,320.0,16000.0,2021-10-11
2021101101013645,CZBIL,41,52,500,320.0,160000.0,2021-10-11
2021101101013644,CZBIL,34,52,100,320.0,32000.0,2021-10-11
2021101101013643,CZBIL,57,52,50,320.0,16000.0,2021-10-11
2021101101013642,CZBIL,11,52,200,320.0,64000.0,2021-10-11
2021101101013641,CZBIL,42,52,190,320.0,60800.0,2021-10-11
2021101101013640,CZBIL,28,52,50,320.0,16000.0,2021-10-11
2021101101013639,CZBIL,51,52,1000,320.0,320000.0,2021-10-11
2021101101013638,CZBIL,46,52,30,320.0,9600.0,2021-10-11
2021101101013637,CZBIL,14,52,10,320.0,3200.0,2021-10-11
2021101101013636,CZBIL,6,52,1500,320.0,480000.0,2021-10-11
2021101101013635,CZBIL,26,52,279,320.0,89280.0,2021-10-11
2021101101013634,CZBIL,4,52,100,320.0,32000.0,2021-10-11
2021101101013633,CZBIL,51,52,35,320.0,11200.0,2021-10-11
2021101101013632,CZBIL,1,52,200,320.0,64000.0,2021-10-11
2021101101013631,CZBIL,10,52,20,320.0,6400.0,2021-10-11
2021101101013630,CZBIL,57,52,500,320.0,160000.0,2021-10-11
2021101101013629,CZBIL,39,52,50,320.0,16000.0,2021-10-11
2021101101013628,CZBIL,45,52,15,320.0,4800.0,2021-10-11
2021101101013627,CZBIL,45,52,15,320.0,4800.0,2021-10-11
2021101101013626,CZBIL,14,52,200,320.0,64000.0,2021-10-11
2021101101013625,CZBIL,25,52,1469,320.0,470080.0,2021-10-11
2021101101013624,CZBIL,14,52,1000,320.1,320100.0,2021-10-11
2021101101013623,CZBIL,51,52,45,320.1,14404.5,2021-10-11
2021101101013622,CZBIL,37,52,50,320.2,16010.0,2021-10-11
2021101101013621,CZBIL,54,52,100,320.5,32050.0,2021-10-11
2021101101013620,CZBIL,59,52,500,321.0,160500.0,2021-10-11
2021101101013619,CZBIL,49,52,500,321.0,160500.0,2021-10-11
2021101101013618,CZBIL,6,52,200,321.0,64200.0,2021-10-11
2021101101013617,CZBIL,14,52,300,321.0,96300.0,2021-10-11
2021101101013616,CZBIL,14,52,30,321.0,9630.0,2021-10-11
2021101101013615,CZBIL,38,52,415,321.0,133215.0,2021-10-11
2021101101013614,CZBIL,55,52,100,321.1,32110.0,2021-10-11
2021101101013613,CZBIL,51,52,200,321.1,64220.0,2021-10-11
2021101101013612,CZBIL,35,52,500,321.1,160550.0,2021-10-11
2021101101013611,CZBIL,35,52,50,321.2,16060.0,2021-10-11
2021101101013610,CZBIL,42,52,330,321.3,106029.0,2021-10-11
2021101101013609,CZBIL,8,52,500,322.0,161000.0,2021-10-11
2021101101013608,CZBIL,6,52,275,322.0,88550.0,2021-10-11
2021101104010617,UPPER,46,13,20,605.0,12100.0,2021-10-11
2021101104010616,UPPER,44,13,1000,605.0,605000.0,2021-10-11
2021101104010615,UPPER,21,13,100,605.0,60500.0,2021-10-11
2021101104010614,UPPER,34,13,50,605.0,30250.0,2021-10-11
2021101104010613,UPPER,43,13,20,605.0,12100.0,2021-10-11
2021101104010612,UPPER,45,13,150,605.0,90750.0,2021-10-11
2021101104010611,UPPER,28,13,70,605.0,42350.0,2021-10-11
2021101104010610,UPPER,19,13,100,605.0,60500.0,2021-10-11
2021101104010609,UPPER,22,13,20,605.0,12100.0,2021-10-11
2021101104010608,UPPER,44,13,81,605.0,49005.0,2021-10-11
2021101104010607,RRHP,38,35,500,515.0,257500.0,2021-10-11
2021101103017738,RMDC,25,58,100,1481.0,148100.0,2021-10-11
2021101103017737,GFCL,41,34,200,674.9,134980.0,2021-10-11
2021101103017736,NLICL,57,6,100,951.0,95100.0,2021-10-11
2021101103017735,KMCDB,57,13,50,1259.9,62995.0,2021-10-11
2021101101013607,GBIME,43,48,30,401.5,12045.0,2021-10-11
2021101104010605,LEC,43,56,100,335.0,33500.0,2021-10-11
2021101104010604,SSHL,48,34,767,327.0,250809.0,2021-10-11
2021101104010603,SSHL,45,34,100,328.0,32800.0,2021-10-11
2021101104010602,SSHL,21,34,50,328.0,16400.0,2021-10-11
2021101104010601,SSHL,41,34,450,328.0,147600.0,2021-10-11
2021101101013606,NABIL,8,58,33,1455.0,48015.0,2021-10-11
2021101101013605,NABIL,8,44,80,1453.0,116240.0,2021-10-11
2021101103017734,SAPDBL,7,11,180,355.0,63900.0,2021-10-11
2021101103017733,SAPDBL,4,11,10,362.0,3620.0,2021-10-11
2021101103017732,SAPDBL,45,11,10,362.0,3620.0,2021-10-11
2021101104010600,SHPC,26,34,100,384.0,38400.0,2021-10-11
2021101104010599,RADHI,20,40,44,574.0,25256.0,2021-10-11
2021101101013604,SANIMA,1,38,50,512.0,25600.0,2021-10-11
2021101101013603,EBL,36,29,100,700.0,70000.0,2021-10-11
2021101104010598,NHPC,58,4,300,381.0,114300.0,2021-10-11
2021101103017731,LBBL,51,45,90,510.0,45900.0,2021-10-11
2021101103017730,LBBL,51,46,80,510.0,40800.0,2021-10-11
2021101101013602,GBIME,44,51,100,401.1,40110.0,2021-10-11
2021101103017729,MLBL,29,35,230,579.0,133170.0,2021-10-11
2021101103017728,MLBL,49,35,150,579.0,86850.0,2021-10-11
2021101103017727,MLBL,32,35,100,579.3,57930.0,2021-10-11
2021101103017726,MLBL,58,35,20,579.5,11590.0,2021-10-11
2021101104010606,LGIL,47,56,500,662.0,331000.0,2021-10-11
2021101103017725,GBBL,45,29,75,562.5,42187.5,2021-10-11
2021101101013601,NBL,59,21,45,484.0,21780.0,2021-10-11
2021101101013600,NBL,33,21,55,484.0,26620.0,2021-10-11
2021101104010597,BBC,33,42,10,5330.0,53300.0,2021-10-11
2021101105001917,SLI,58,56,10,554.0,5540.0,2021-10-11
2021101103017724,RLFL,45,39,100,518.0,51800.0,2021-10-11
2021101101013599,NBL,59,33,50,485.0,24250.0,2021-10-11
2021101103017723,SLBBL,58,52,36,1545.0,55620.0,2021-10-11
2021101103017722,SLBBL,21,52,10,1545.0,15450.0,2021-10-11
2021101103017721,SLBBL,58,52,90,1545.0,139050.0,2021-10-11
2021101103017720,SLBBL,22,52,100,1546.0,154600.0,2021-10-11
2021101103017719,SLBBL,44,52,14,1546.0,21644.0,2021-10-11
2021101104010596,CHCL,26,13,730,603.0,440190.0,2021-10-11
2021101104010595,CHCL,26,6,250,603.0,150750.0,2021-10-11
2021101104010594,CHCL,26,58,20,602.9,12058.0,2021-10-11
2021101103017718,NLIC,45,21,50,1688.0,84400.0,2021-10-11
2021101103017717,CFCL,48,56,10,494.0,4940.0,2021-10-11
2021101103017716,NRIC,22,40,100,1285.0,128500.0,2021-10-11
2021101103017715,NRIC,7,40,50,1285.0,64250.0,2021-10-11
2021101103017714,NRIC,57,40,40,1285.0,51400.0,2021-10-11
2021101103017713,NRIC,38,40,60,1285.0,77100.0,2021-10-11
2021101103017712,NRIC,54,40,20,1285.0,25700.0,2021-10-11
2021101103017711,NRIC,11,40,50,1285.0,64250.0,2021-10-11
2021101103017710,NRIC,53,40,50,1285.0,64250.0,2021-10-11
2021101103017709,NRIC,48,40,50,1285.0,64250.0,2021-10-11
2021101103017708,NRIC,41,40,10,1285.0,12850.0,2021-10-11
2021101103017707,NRIC,51,40,50,1285.0,64250.0,2021-10-11
2021101103017706,NRIC,41,40,30,1285.0,38550.0,2021-10-11
2021101103017705,NRIC,39,40,80,1286.0,102880.0,2021-10-11
2021101103017704,NRIC,48,40,36,1286.0,46296.0,2021-10-11
2021101103017703,NRIC,6,40,260,1286.0,334360.0,2021-10-11
2021101103017702,NRIC,25,40,50,1286.0,64300.0,2021-10-11
2021101103017701,NRIC,43,40,35,1286.0,45010.0,2021-10-11
2021101103017700,NRIC,50,40,50,1287.0,64350.0,2021-10-11
2021101103017699,NRIC,47,40,25,1287.0,32175.0,2021-10-11
2021101103017698,NRIC,57,40,10,1288.0,12880.0,2021-10-11
2021101103017697,NRIC,56,40,100,1288.0,128800.0,2021-10-11
2021101103017696,NRIC,45,40,50,1288.0,64400.0,2021-10-11
2021101103017695,NRIC,6,40,388,1288.0,499744.0,2021-10-11
2021101103017694,NRIC,57,40,360,1288.1,463716.0,2021-10-11
2021101103017693,NRIC,6,40,500,1288.3,644150.0,2021-10-11
2021101103017692,NRIC,32,40,20,1289.0,25780.0,2021-10-11
2021101103017691,NRIC,29,40,50,1289.0,64450.0,2021-10-11
2021101103017690,NRIC,22,40,20,1290.0,25800.0,2021-10-11
2021101103017689,NRIC,39,40,80,1290.0,103200.0,2021-10-11
2021101103017688,NRIC,11,40,100,1290.0,129000.0,2021-10-11
2021101103017687,NRIC,52,40,165,1290.0,212850.0,2021-10-11
2021101103017686,NRIC,20,40,20,1290.0,25800.0,2021-10-11
2021101103017685,NRIC,50,40,50,1290.0,64500.0,2021-10-11
2021101103017684,NRIC,32,40,10,1290.0,12900.0,2021-10-11
2021101103017683,NRIC,57,40,50,1290.0,64500.0,2021-10-11
2021101103017682,NRIC,42,40,10,1290.0,12900.0,2021-10-11
2021101103017681,NRIC,38,40,190,1290.0,245100.0,2021-10-11
2021101103017680,NRIC,46,40,30,1290.0,38700.0,2021-10-11
2021101103017679,NRIC,46,38,155,1290.0,199950.0,2021-10-11
2021101103017678,LICN,25,50,30,1940.0,58200.0,2021-10-11
2021101103017677,LICN,25,42,40,1940.0,77600.0,2021-10-11
2021101103017676,LICN,25,6,70,1935.0,135450.0,2021-10-11
2021101103017675,LICN,25,49,10,1929.9,19299.0,2021-10-11
2021101105001916,JBLB,51,42,10,4558.0,45580.0,2021-10-11
2021101105001915,JBLB,51,4,70,4558.0,319060.0,2021-10-11
2021101104010593,UIC,58,51,20,599.0,11980.0,2021-10-11
2021101105001914,JBLB,51,6,20,4557.0,91140.0,2021-10-11
2021101103017674,NRIC,46,57,22,1290.0,28380.0,2021-10-11
2021101103017673,NRIC,6,57,100,1290.1,129010.0,2021-10-11
2021101103017672,NRIC,25,57,100,1290.1,129010.0,2021-10-11
2021101103017671,NRIC,58,57,110,1290.1,141911.0,2021-10-11
2021101103017670,NRIC,48,57,88,1291.0,113608.0,2021-10-11
2021101103017669,NRIC,42,57,10,1291.0,12910.0,2021-10-11
2021101103017668,NRIC,3,57,10,1293.0,12930.0,2021-10-11
2021101103017667,NRIC,6,57,10,1294.0,12940.0,2021-10-11
2021101103017666,GUFL,57,22,110,849.9,93489.0,2021-10-11
2021101104010592,NIBSF2,57,33,200,9.5,1900.0,2021-10-11
2021101103017665,GFCL,47,34,90,674.9,60741.0,2021-10-11
2021101103017664,MLBL,32,49,790,580.0,458200.0,2021-10-11
2021101103017663,BFC,32,57,10,428.0,4280.0,2021-10-11
2021101104010591,UPCL,20,11,50,342.9,17145.0,2021-10-11
2021101103017662,JSLBB,20,56,40,3496.0,139840.0,2021-10-11
2021101103017661,KRBL,38,48,45,425.0,19125.0,2021-10-11
2021101103017660,KRBL,38,32,500,423.3,211650.0,2021-10-11
2021101103017659,KRBL,38,14,125,423.3,52912.5,2021-10-11
2021101103017658,KRBL,38,32,500,423.2,211600.0,2021-10-11
2021101103017657,KRBL,38,16,200,423.0,84600.0,2021-10-11
2021101103017656,KRBL,38,16,100,422.0,42200.0,2021-10-11
2021101103017655,KRBL,38,14,125,421.2,52650.0,2021-10-11
2021101103017654,KRBL,38,58,25,420.0,10500.0,2021-10-11
2021101103017653,KRBL,38,7,75,420.0,31500.0,2021-10-11
2021101103017652,KRBL,38,53,150,420.0,63000.0,2021-10-11
2021101103017651,KRBL,38,36,155,418.0,64790.0,2021-10-11
2021101103017650,NIFRA,7,43,50,361.0,18050.0,2021-10-11
2021101105001913,SLI,58,38,10,553.4,5534.0,2021-10-11
2021101103017649,ICFC,28,21,10,688.0,6880.0,2021-10-11
2021101103017648,ILBS,5,17,50,1740.0,87000.0,2021-10-11
2021101101013598,CBL,45,29,100,244.0,24400.0,2021-10-11
2021101101013597,CBL,19,29,80,244.0,19520.0,2021-10-11
2021101105001912,ULI,57,21,10,583.0,5830.0,2021-10-11
2021101101013596,MKJC,42,46,40,460.0,18400.0,2021-10-11
2021101104010590,SPDL,49,6,11,406.0,4466.0,2021-10-11
2021101101013595,SBL,46,47,528,459.0,242352.0,2021-10-11
2021101101013594,SBL,46,47,66,459.0,30294.0,2021-10-11
2021101104010589,SPDL,49,6,14,407.0,5698.0,2021-10-11
2021101101013593,SBL,46,47,169,459.0,77571.0,2021-10-11
2021101101013592,SBL,46,47,337,459.0,154683.0,2021-10-11
2021101101013591,SBL,46,45,610,458.9,279929.0,2021-10-11
2021101101013590,SBL,46,38,290,458.0,132820.0,2021-10-11
2021101103017647,GBBL,46,20,20,564.0,11280.0,2021-10-11
2021101103017646,GBBL,46,34,180,564.0,101520.0,2021-10-11
2021101101013589,NABIL,48,44,20,1453.0,29060.0,2021-10-11
2021101101013588,SBL,1,38,150,458.0,68700.0,2021-10-11
2021101103017645,MDB,38,49,150,605.9,90885.0,2021-10-11
2021101101013587,NCCB,47,44,150,299.0,44850.0,2021-10-11
2021101104010588,UPCL,25,44,250,342.0,85500.0,2021-10-11
2021101104010587,KKHC,50,58,10,311.0,3110.0,2021-10-11
2021101101013586,PCBL,49,25,75,476.0,35700.0,2021-10-11
2021101104010586,CHL,21,49,200,460.0,92000.0,2021-10-11
2021101103017644,NICLBSL,14,47,120,1127.0,135240.0,2021-10-11
2021101103017643,NICLBSL,57,47,50,1128.0,56400.0,2021-10-11
2021101104010585,AKPL,58,17,42,476.0,19992.0,2021-10-11
2021101103017642,MPFL,17,32,20,457.9,9158.0,2021-10-11
2021101101013585,PCBL,17,25,100,476.0,47600.0,2021-10-11
2021101104010584,UPPER,8,13,14,605.1,8471.4,2021-10-11
2021101104010583,UPPER,43,13,36,605.3,21790.8,2021-10-11
2021101103017641,NIFRA,58,43,142,361.0,51262.0,2021-10-11
2021101103017640,GLICL,29,16,50,577.0,28850.0,2021-10-11
2021101103017639,JBBL,42,56,10,486.0,4860.0,2021-10-11
2021101104010582,SPDL,49,18,86,407.0,35002.0,2021-10-11
2021101101013584,EBL,6,29,50,700.0,35000.0,2021-10-11
2021101103017638,NIFRA,11,43,30,360.0,10800.0,2021-10-11
2021101103017637,NICLBSL,45,8,10,1130.0,11300.0,2021-10-11
2021101104010581,RADHI,45,40,50,574.0,28700.0,2021-10-11
2021101103017636,MFIL,38,39,25,1030.0,25750.0,2021-10-11
2021101103017635,HIDCL,22,58,90,304.5,27405.0,2021-10-11
2021101103017634,MLBSL,46,22,10,5220.0,52200.0,2021-10-11
2021101103017633,SWBBL,10,18,200,1625.0,325000.0,2021-10-11
2021101103017632,SWBBL,43,18,50,1626.0,81300.0,2021-10-11
2021101103017631,SWBBL,48,18,47,1626.0,76422.0,2021-10-11
2021101103017630,SWBBL,49,18,200,1628.0,325600.0,2021-10-11
2021101101013583,PCBL,57,25,40,476.0,19040.0,2021-10-11
2021101104010580,RRHP,22,57,50,514.0,25700.0,2021-10-11
2021101101013582,SRBL,50,44,350,311.0,108850.0,2021-10-11
2021101101013581,SRBL,50,44,100,311.0,31100.0,2021-10-11
2021101101013580,SRBL,32,44,50,311.0,15550.0,2021-10-11
2021101101013579,SRBL,25,44,500,311.1,155550.0,2021-10-11
2021101103017629,SABSL,49,20,10,2100.0,21000.0,2021-10-11
2021101103017628,JFL,32,52,10,581.0,5810.0,2021-10-11
2021101103017627,MLBSL,10,43,10,5224.0,52240.0,2021-10-11
2021101104010579,UMRH,51,42,250,488.0,122000.0,2021-10-11
2021101101013578,NABIL,41,58,50,1455.0,72750.0,2021-10-11
2021101103017626,SHINE,14,41,200,459.0,91800.0,2021-10-11
2021101104010578,RHPC,6,21,25,625.0,15625.0,2021-10-11
2021101104010577,RHPL,49,58,49,345.0,16905.0,2021-10-11
2021101104010576,RHPL,49,1,231,344.0,79464.0,2021-10-11
2021101105001911,SLI,17,49,10,554.0,5540.0,2021-10-11
2021101101013577,LBL,59,14,200,332.0,66400.0,2021-10-11
2021101103017625,SFCL,45,14,100,455.0,45500.0,2021-10-11
2021101101013576,LBL,39,14,100,332.3,33230.0,2021-10-11
2021101103017624,HIDCL,6,58,30,304.5,9135.0,2021-10-11
2021101101013575,SANIMA,1,53,131,512.0,67072.0,2021-10-11
2021101103017623,NLIC,56,21,20,1688.0,33760.0,2021-10-11
2021101101013574,SANIMA,26,53,10,512.2,5122.0,2021-10-11
2021101104010575,RRHP,53,35,50,515.0,25750.0,2021-10-11
2021101101013573,SHIVM,35,37,100,1290.0,129000.0,2021-10-11
2021101101013572,SHIVM,34,37,300,1291.0,387300.0,2021-10-11
2021101101013571,SHIVM,17,37,20,1291.0,25820.0,2021-10-11
2021101101013570,SHIVM,46,37,78,1292.0,100776.0,2021-10-11
2021101103017622,FOWAD,45,44,25,2879.0,71975.0,2021-10-11
2021101104010574,NHPC,45,4,300,381.0,114300.0,2021-10-11
2021101104010573,UMHL,13,49,80,422.0,33760.0,2021-10-11
2021101104010572,UMHL,13,49,60,422.0,25320.0,2021-10-11
2021101101013569,NABIL,1,58,40,1455.0,58200.0,2021-10-11
2021101103017621,SLICL,21,57,200,790.0,158000.0,2021-10-11
2021101103017620,SLICL,45,57,100,790.0,79000.0,2021-10-11
2021101103017619,SLICL,36,57,30,790.3,23709.0,2021-10-11
2021101101013568,MEGA,57,28,100,330.0,33000.0,2021-10-11
2021101103017618,SLICL,26,57,60,791.0,47460.0,2021-10-11
2021101103017617,NTC,52,33,200,990.0,198000.0,2021-10-11
2021101103017616,NTC,58,33,10,990.0,9900.0,2021-10-11
2021101103017615,PFL,50,49,41,590.0,24190.0,2021-10-11
2021101103017614,PFL,50,49,24,590.0,14160.0,2021-10-11
2021101103017613,PFL,50,6,10,589.7,5897.0,2021-10-11
2021101103017612,NTC,58,35,10,990.0,9900.0,2021-10-11
2021101103017611,NTC,6,35,20,990.0,19800.0,2021-10-11
2021101103017610,NTC,35,35,100,990.0,99000.0,2021-10-11
2021101103017609,NTC,19,35,20,991.1,19822.0,2021-10-11
2021101103017608,NTC,25,35,10,994.0,9940.0,2021-10-11
2021101104010571,CHL,14,20,100,464.0,46400.0,2021-10-11
2021101103017607,NIFRA,26,43,100,360.0,36000.0,2021-10-11
2021101103017606,NIFRA,21,43,30,360.0,10800.0,2021-10-11
2021101103017605,NIFRA,57,43,150,360.0,54000.0,2021-10-11
2021101103017604,NIFRA,49,43,10,360.0,3600.0,2021-10-11
2021101103017603,NIFRA,57,43,15,360.0,5400.0,2021-10-11
2021101103017602,NIFRA,34,43,100,360.0,36000.0,2021-10-11
2021101103017601,NIFRA,8,43,65,360.0,23400.0,2021-10-11
2021101104010570,API,34,34,50,429.0,21450.0,2021-10-11
2021101104010569,API,7,34,104,429.0,44616.0,2021-10-11
2021101103017600,SMFBS,36,32,85,2685.0,228225.0,2021-10-11
2021101103017599,SMFBS,35,32,13,2686.0,34918.0,2021-10-11
2021101103017598,NICLBSL,59,8,10,1130.0,11300.0,2021-10-11
2021101101013567,NBL,11,33,100,485.0,48500.0,2021-10-11
2021101101013566,NICA,58,39,25,840.0,21000.0,2021-10-11
2021101101013565,NICA,58,54,10,839.1,8391.0,2021-10-11
2021101101013564,SBL,5,38,30,458.0,13740.0,2021-10-11
2021101104010568,RADHI,29,40,16,574.0,9184.0,2021-10-11
2021101101013563,PCBL,14,25,35,476.0,16660.0,2021-10-11
2021101104010567,API,7,56,300,429.0,128700.0,2021-10-11
2021101104010566,AHPC,21,56,200,405.1,81020.0,2021-10-11
2021101104010565,AHPC,7,56,20,405.5,8110.0,2021-10-11
2021101104010564,AHPC,7,56,20,405.5,8110.0,2021-10-11
2021101104010563,AHPC,57,56,50,406.0,20300.0,2021-10-11
2021101104010562,AHPC,54,56,123,406.0,49938.0,2021-10-11
2021101104010561,AHPC,58,56,15,406.0,6090.0,2021-10-11
2021101104010560,AHPC,39,56,200,406.0,81200.0,2021-10-11
2021101104010559,AHPC,29,56,183,406.0,74298.0,2021-10-11
2021101104010558,AHPC,1,56,100,406.1,40610.0,2021-10-11
2021101104010557,AHPC,38,56,30,406.3,12189.0,2021-10-11
2021101104010556,AHPC,41,56,50,407.0,20350.0,2021-10-11
2021101101013562,MEGA,38,52,200,329.5,65900.0,2021-10-11
2021101103017597,CBBL,45,45,10,1770.7,17707.0,2021-10-11
2021101101013561,NABIL,45,58,20,1455.0,29100.0,2021-10-11
2021101103017596,CHDC,19,33,430,831.0,357330.0,2021-10-11
2021101103017595,CHDC,19,33,70,831.0,58170.0,2021-10-11
2021101103017594,SABSL,1,1,2,2075.0,4150.0,2021-10-11
2021101103017593,LBBL,32,16,1520,509.0,773680.0,2021-10-11
2021101103017592,LBBL,56,16,20,509.0,10180.0,2021-10-11
2021101103017591,LBBL,14,16,160,509.5,81520.0,2021-10-11
2021101103017590,ALICL,50,41,20,1192.0,23840.0,2021-10-11
2021101101013560,NBL,50,33,70,485.0,33950.0,2021-10-11
2021101103017589,MERO,42,34,49,1386.0,67914.0,2021-10-11
2021101103017588,NTC,49,54,15,995.0,14925.0,2021-10-11
2021101103017587,KMCDB,46,13,10,1259.9,12599.0,2021-10-11
2021101101013559,GBIME,56,17,50,401.5,20075.0,2021-10-11
2021101101013558,GBIME,34,17,10,401.5,4015.0,2021-10-11
2021101105001910,SLI,17,50,40,554.0,22160.0,2021-10-11
2021101101013557,GBIME,44,17,14,401.5,5621.0,2021-10-11
2021101103017586,MLBSL,41,43,10,5224.0,52240.0,2021-10-11
2021101101013556,GBIME,51,42,50,402.0,20100.0,2021-10-11
2021101103017585,SLICL,21,14,80,795.0,63600.0,2021-10-11
2021101103017584,SLICL,21,51,20,795.0,15900.0,2021-10-11
2021101104010555,SICL,56,4,20,1718.0,34360.0,2021-10-11
2021101104010554,SICL,57,4,10,1719.0,17190.0,2021-10-11
2021101104010553,SICL,49,4,20,1719.0,34380.0,2021-10-11
2021101104010552,SICL,43,4,50,1719.0,85950.0,2021-10-11
2021101103017583,NTC,42,54,50,995.0,49750.0,2021-10-11
2021101103017582,BFC,6,14,50,425.0,21250.0,2021-10-11
2021101104010551,GHL,6,50,100,329.0,32900.0,2021-10-11
2021101104010550,DHPL,38,53,11,290.1,3191.1,2021-10-11
2021101104010549,DHPL,58,53,50,290.1,14505.0,2021-10-11
2021101104010548,DHPL,38,53,100,295.0,29500.0,2021-10-11
2021101104010547,DHPL,40,53,300,295.0,88500.0,2021-10-11
2021101104010546,DHPL,38,53,200,295.2,59040.0,2021-10-11
2021101104010545,DHPL,59,53,25,296.0,7400.0,2021-10-11
2021101104010544,DHPL,42,53,400,296.0,118400.0,2021-10-11
2021101104010543,DHPL,26,53,180,296.0,53280.0,2021-10-11
2021101104010542,BARUN,53,41,50,404.0,20200.0,2021-10-11
2021101104010541,UMHL,38,8,24,421.0,10104.0,2021-10-11
2021101103017581,RLFL,59,45,70,515.0,36050.0,2021-10-11
2021101104010540,UMHL,22,8,20,421.0,8420.0,2021-10-11
2021101103017580,RLFL,45,45,300,515.1,154530.0,2021-10-11
2021101104010539,UMHL,20,8,356,421.0,149876.0,2021-10-11
2021101103017579,RLFL,41,45,100,516.0,51600.0,2021-10-11
2021101103017578,RLFL,38,45,20,516.0,10320.0,2021-10-11
2021101103017577,RLFL,55,45,10,518.0,5180.0,2021-10-11
2021101103017576,NLIC,1,21,50,1688.0,84400.0,2021-10-11
2021101101013555,SHIVM,38,16,10,1296.0,12960.0,2021-10-11
2021101103017575,LICN,25,6,30,1935.0,58050.0,2021-10-11
2021101103017574,LICN,25,7,100,1930.0,193000.0,2021-10-11
2021101103017573,LICN,25,50,465,1930.0,897450.0,2021-10-11
2021101103017572,LICN,25,11,55,1930.0,106150.0,2021-10-11
2021101103017571,LICN,25,21,100,1929.0,192900.0,2021-10-11
2021101101013554,EBL,28,29,170,700.0,119000.0,2021-10-11
2021101101013553,EBL,28,32,230,700.0,161000.0,2021-10-11
2021101103017570,MNBBL,41,8,150,689.9,103485.0,2021-10-11
2021101103017569,MNBBL,41,51,60,688.0,41280.0,2021-10-11
2021101101013552,NBL,51,33,20,485.0,9700.0,2021-10-11
2021101103017568,MNBBL,41,56,25,688.0,17200.0,2021-10-11
2021101101013551,CZBIL,6,57,25,322.0,8050.0,2021-10-11
2021101101013550,CZBIL,36,57,50,322.0,16100.0,2021-10-11
2021101101013549,CZBIL,43,57,25,322.2,8055.0,2021-10-11
2021101101013548,NABIL,42,58,100,1455.0,145500.0,2021-10-11
2021101103017567,MNBBL,47,56,100,688.0,68800.0,2021-10-11
2021101103017566,JBBL,49,56,30,486.0,14580.0,2021-10-11
2021101103017565,NIFRA,52,43,200,361.0,72200.0,2021-10-11
2021101103017564,NIFRA,48,43,35,361.9,12666.5,2021-10-11
2021101103017563,ICFC,28,7,260,681.2,177112.0,2021-10-11
2021101103017562,ICFC,19,7,20,681.5,13630.0,2021-10-11
2021101103017561,ICFC,28,7,100,682.0,68200.0,2021-10-11
2021101103017560,ICFC,41,7,10,684.0,6840.0,2021-10-11
2021101103017559,ICFC,29,7,100,685.0,68500.0,2021-10-11
2021101103017558,ICFC,19,7,10,685.0,6850.0,2021-10-11
2021101104010538,SHPC,28,34,500,384.0,192000.0,2021-10-11
2021101101013547,MEGA,4,28,10,330.0,3300.0,2021-10-11
2021101104010537,NGPL,35,36,50,628.0,31400.0,2021-10-11
2021101104010536,NGPL,35,28,30,628.0,18840.0,2021-10-11
2021101103017557,SHINE,14,29,200,458.9,91780.0,2021-10-11
2021101101013546,GBIME,59,42,100,402.0,40200.0,2021-10-11
2021101103017556,CFCL,42,56,40,494.0,19760.0,2021-10-11
2021101103017555,ICFC,11,21,40,688.0,27520.0,2021-10-11
2021101103017554,SADBL,8,44,100,386.0,38600.0,2021-10-11
2021101104010535,SHPC,21,13,75,383.5,28762.5,2021-10-11
2021101103017553,NIFRA,48,26,25,361.9,9047.5,2021-10-11
2021101104010534,CHCL,48,13,10,603.0,6030.0,2021-10-11
2021101104010533,CHCL,1,13,70,603.0,42210.0,2021-10-11
2021101101013545,PCBL,11,25,95,476.0,45220.0,2021-10-11
2021101101013544,PCBL,14,25,10,476.0,4760.0,2021-10-11
2021101101013543,PCBL,14,25,24,476.0,11424.0,2021-10-11
2021101101013542,PCBL,10,25,500,476.0,238000.0,2021-10-11
2021101101013541,PCBL,14,25,50,476.0,23800.0,2021-10-11
2021101101013540,PCBL,22,25,10,476.0,4760.0,2021-10-11
2021101101013539,PCBL,17,25,400,476.0,190400.0,2021-10-11
2021101101013538,PCBL,34,25,100,476.0,47600.0,2021-10-11
2021101101013537,PCBL,57,25,50,476.0,23800.0,2021-10-11
2021101101013536,PCBL,42,25,30,476.0,14280.0,2021-10-11
2021101101013535,PCBL,21,25,212,476.0,100912.0,2021-10-11
2021101101013534,PCBL,49,25,14,476.0,6664.0,2021-10-11
2021101101013533,PCBL,44,25,40,476.0,19040.0,2021-10-11
2021101101013532,PCBL,49,25,23,476.0,10948.0,2021-10-11
2021101101013531,PCBL,3,25,300,476.0,142800.0,2021-10-11
2021101101013530,PCBL,41,25,40,476.0,19040.0,2021-10-11
2021101103017552,RSDC,25,39,20,840.0,16800.0,2021-10-11
2021101101013529,PCBL,36,25,645,476.0,307020.0,2021-10-11
2021101101013528,EBL,22,32,100,700.0,70000.0,2021-10-11
2021101101013527,NBL,33,44,445,484.0,215380.0,2021-10-11
2021101101013526,NBL,41,44,20,484.0,9680.0,2021-10-11
2021101101013525,NBL,43,44,50,484.0,24200.0,2021-10-11
2021101101013524,NBL,47,44,25,484.0,12100.0,2021-10-11
2021101101013523,NBL,58,44,160,484.1,77456.0,2021-10-11
2021101101013522,CCBL,17,44,1392,238.0,331296.0,2021-10-11
2021101101013521,CCBL,10,44,150,238.0,35700.0,2021-10-11
2021101101013520,CCBL,14,44,10,238.0,2380.0,2021-10-11
2021101104010532,NICL,42,41,10,793.0,7930.0,2021-10-11
2021101101013519,CCBL,10,44,10,238.1,2381.0,2021-10-11
2021101101013518,CCBL,29,44,200,238.1,47620.0,2021-10-11
2021101104010531,GIMES1,57,50,1000,21.67,21670.0,2021-10-11
2021101103017551,KSBBL,56,47,200,656.0,131200.0,2021-10-11
2021101103017550,KSBBL,20,47,80,656.0,52480.0,2021-10-11
2021101103017549,KSBBL,16,47,50,656.0,32800.0,2021-10-11
2021101103017548,KSBBL,17,47,42,656.0,27552.0,2021-10-11
2021101103017547,KSBBL,59,47,30,656.1,19683.0,2021-10-11
2021101103017546,MLBL,14,49,400,580.0,232000.0,2021-10-11
2021101103017545,MLBL,25,49,180,580.0,104400.0,2021-10-11
2021101103017544,MLBL,57,49,500,580.0,290000.0,2021-10-11
2021101103017543,MLBL,3,49,40,580.0,23200.0,2021-10-11
2021101103017542,MLBL,36,49,200,580.0,116000.0,2021-10-11
2021101105001909,MKLB,16,14,10,1876.0,18760.0,2021-10-11
2021101103017541,MLBL,45,49,40,580.0,23200.0,2021-10-11
2021101103017540,MLBL,36,49,250,580.0,145000.0,2021-10-11
2021101103017539,MLBL,8,49,100,580.0,58000.0,2021-10-11
2021101103017538,MLBL,58,49,500,580.0,290000.0,2021-10-11
2021101103017537,CBBL,58,34,10,1770.0,17700.0,2021-10-11
2021101103017536,MLBSL,46,38,20,5220.0,104400.0,2021-10-11
2021101103017535,PLIC,58,50,20,835.0,16700.0,2021-10-11
2021101103017534,NIFRA,58,26,15,361.9,5428.5,2021-10-11
2021101103017533,NLIC,4,21,20,1688.0,33760.0,2021-10-11
2021101101013517,MKJC,42,46,300,460.0,138000.0,2021-10-11
2021101103017532,KRBL,58,35,11,417.0,4587.0,2021-10-11
2021101101013516,NCCB,47,35,50,299.0,14950.0,2021-10-11
2021101103017531,KRBL,48,35,21,417.0,8757.0,2021-10-11
2021101104010530,HGI,57,6,100,635.0,63500.0,2021-10-11
2021101104010529,HGI,41,6,55,635.0,34925.0,2021-10-11
2021101101013515,NICA,42,53,100,839.0,83900.0,2021-10-11
2021101105001908,SLI,58,56,10,553.0,5530.0,2021-10-11
2021101103017530,MDB,45,49,20,605.9,12118.0,2021-10-11
2021101104010528,UPPER,43,18,464,605.3,280859.2,2021-10-11
2021101104010527,UPPER,16,18,66,606.0,39996.0,2021-10-11
2021101104010526,UPPER,57,17,200,607.1,121420.0,2021-10-11
2021101104010525,NIL,6,57,47,1278.0,60066.0,2021-10-11
2021101104010524,NIL,39,57,13,1278.0,16614.0,2021-10-11
2021101104010523,SIL,44,44,127,873.9,110985.3,2021-10-11
2021101104010522,SIL,44,34,20,873.8,17476.0,2021-10-11
2021101104010521,SIL,44,28,93,873.8,81263.4,2021-10-11
2021101104010520,SIL,44,11,50,872.0,43600.0,2021-10-11
2021101104010519,SIL,44,51,10,870.0,8700.0,2021-10-11
2021101101013514,HDL,50,48,10,6920.0,69200.0,2021-10-11
2021101101013513,HDL,50,34,20,6885.0,137700.0,2021-10-11
2021101104010518,HPPL,47,50,100,416.0,41600.0,2021-10-11
2021101103017529,CLBSL,45,35,10,1310.0,13100.0,2021-10-11
2021101101013512,BOKL,17,59,100,341.6,34160.0,2021-10-11
2021101103017528,PLIC,38,17,300,834.0,250200.0,2021-10-11
2021101103017527,NICLBSL,14,59,150,1127.0,169050.0,2021-10-11
2021101101013511,KBL,59,16,100,289.9,28990.0,2021-10-11
2021101101013510,KBL,59,22,200,289.7,57940.0,2021-10-11
2021101103017526,MLBSL,59,43,12,5224.0,62688.0,2021-10-11
2021101103017525,FMDBL,41,26,200,898.0,179600.0,2021-10-11
2021101104010517,PMHPL,58,51,20,292.0,5840.0,2021-10-11
2021101104010516,UPPER,22,45,10,607.0,6070.0,2021-10-11
2021101101013509,SANIMA,28,38,40,512.5,20500.0,2021-10-11
2021101104010515,SJCL,16,41,20,343.0,6860.0,2021-10-11
2021101104010514,SJCL,47,41,60,343.0,20580.0,2021-10-11
2021101104010513,SJCL,53,41,475,343.0,162925.0,2021-10-11
2021101104010512,SJCL,48,41,60,344.0,20640.0,2021-10-11
2021101104010511,SJCL,3,41,70,344.0,24080.0,2021-10-11
2021101104010510,SJCL,39,41,25,345.0,8625.0,2021-10-11
2021101104010509,SJCL,41,41,1000,345.0,345000.0,2021-10-11
2021101104010508,SJCL,17,41,100,349.0,34900.0,2021-10-11
2021101104010507,SJCL,17,41,150,349.9,52485.0,2021-10-11
2021101104010506,SJCL,33,41,40,350.0,14000.0,2021-10-11
2021101104010505,SJCL,33,21,10,350.0,3500.0,2021-10-11
2021101101013508,NICA,42,17,50,839.0,41950.0,2021-10-11
2021101101013507,NICA,42,41,27,839.0,22653.0,2021-10-11
2021101103017524,NUBL,53,4,100,1500.0,150000.0,2021-10-11
2021101103017523,NUBL,53,25,80,1500.0,120000.0,2021-10-11
2021101104010504,GIMES1,45,50,7500,21.67,162525.0,2021-10-11
2021101101013506,NICA,13,41,20,839.0,16780.0,2021-10-11
2021101104010503,NHPC,47,48,100,380.0,38000.0,2021-10-11
2021101101013505,SANIMA,1,36,1411,512.0,722432.0,2021-10-11
2021101101013504,NICA,38,41,10,839.0,8390.0,2021-10-11
2021101103017522,ICFC,40,13,40,685.0,27400.0,2021-10-11
2021101101013503,NBL,25,33,100,485.0,48500.0,2021-10-11
2021101103017521,HIDCL,25,58,12,304.5,3654.0,2021-10-11
2021101104010502,SHL,41,38,726,225.0,163350.0,2021-10-11
2021101104010501,RRHP,39,57,500,513.6,256800.0,2021-10-11
2021101101013502,PRVU,44,45,250,398.9,99725.0,2021-10-11
2021101101013501,PRVU,44,16,250,398.9,99725.0,2021-10-11
2021101103017520,JBBL,21,43,30,485.0,14550.0,2021-10-11
2021101103017519,JBBL,53,43,100,485.0,48500.0,2021-10-11
2021101103017518,JBBL,7,43,10,485.0,4850.0,2021-10-11
2021101103017517,JBBL,59,43,254,485.0,123190.0,2021-10-11
2021101103017516,JBBL,42,43,100,485.5,48550.0,2021-10-11
2021101101013500,KBL,3,22,100,289.7,28970.0,2021-10-11
2021101103017515,HIDCL,36,58,20,304.5,6090.0,2021-10-11
2021101105001907,ULI,44,58,10,583.0,5830.0,2021-10-11
2021101103017514,GFCL,49,39,150,670.1,100515.0,2021-10-11
2021101103017513,NTC,46,54,102,995.0,101490.0,2021-10-11
2021101101013499,PCBL,36,11,355,476.0,168980.0,2021-10-11
2021101101013498,PCBL,34,11,20,476.1,9522.0,2021-10-11
2021101101013497,PCBL,22,11,25,476.5,11912.5,2021-10-11
2021101101013496,PCBL,10,11,50,476.5,23825.0,2021-10-11
2021101103017512,NRIC,11,16,50,1295.0,64750.0,2021-10-11
2021101101013495,PCBL,42,11,50,476.7,23835.0,2021-10-11
2021101101013494,NBL,58,1,40,484.1,19364.0,2021-10-11
2021101101013493,NBL,49,1,25,484.1,12102.5,2021-10-11
2021101101013492,NBL,38,1,120,484.2,58104.0,2021-10-11
2021101101013491,NBL,49,1,100,484.5,48450.0,2021-10-11
2021101101013490,NBL,49,1,35,484.8,16968.0,2021-10-11
2021101101013489,NBL,58,1,10,484.9,4849.0,2021-10-11
2021101101013488,NBL,25,1,20,484.9,9698.0,2021-10-11
2021101101013487,NBL,48,1,150,484.9,72735.0,2021-10-11
2021101103017511,PROFL,45,1,25,398.0,9950.0,2021-10-11
2021101101013486,NBB,16,14,1194,416.0,496704.0,2021-10-11
2021101101013485,NBB,16,29,806,416.0,335296.0,2021-10-11
2021101101013484,PRVU,33,57,10,398.5,3985.0,2021-10-11
2021101105001906,SLI,57,57,10,553.4,5534.0,2021-10-11
2021101104010500,PICL,44,43,270,669.9,180873.0,2021-10-11
2021101104010499,UMHL,33,49,40,422.0,16880.0,2021-10-11
2021101104010498,UMHL,33,56,60,422.0,25320.0,2021-10-11
2021101103017510,RSDC,34,51,89,838.1,74590.9,2021-10-11
2021101103017509,RSDC,4,51,50,839.0,41950.0,2021-10-11
2021101103017508,RSDC,35,51,80,839.0,67120.0,2021-10-11
2021101103017507,RSDC,54,51,100,839.0,83900.0,2021-10-11
2021101103017506,RSDC,34,51,110,839.0,92290.0,2021-10-11
2021101101013483,NABIL,14,58,2625,1455.0,3819375.0,2021-10-11
2021101101013482,NABIL,14,4,375,1453.0,544875.0,2021-10-11
2021101103017505,MLBL,17,49,88,580.1,51048.8,2021-10-11
2021101105001905,SLI,57,11,10,553.4,5534.0,2021-10-11
2021101101013481,GBIME,11,42,50,402.0,20100.0,2021-10-11
2021101103017504,CFCL,42,59,50,494.0,24700.0,2021-10-11
2021101103017503,NMBMF,29,7,78,1351.0,105378.0,2021-10-11
2021101103017502,NMBMF,16,7,150,1351.0,202650.0,2021-10-11
2021101105001904,JBLB,45,58,20,4550.0,91000.0,2021-10-11
2021101103017501,NMBMF,43,7,30,1352.0,40560.0,2021-10-11
2021101104010497,NGPL,7,28,40,628.0,25120.0,2021-10-11
2021101105001903,JBLB,26,58,100,4550.0,455000.0,2021-10-11
2021101105001902,JBLB,54,58,30,4550.0,136500.0,2021-10-11
2021101103017500,NTC,5,54,40,995.0,39800.0,2021-10-11
2021101104010496,RRHP,39,21,90,513.6,46224.0,2021-10-11
2021101103017499,NFS,41,51,190,507.0,96330.0,2021-10-11
2021101101013480,NABIL,29,4,25,1453.0,36325.0,2021-10-11
2021101101013479,NABIL,8,4,100,1453.0,145300.0,2021-10-11
2021101101013478,NABIL,43,4,200,1453.0,290600.0,2021-10-11
2021101101013477,NBB,57,45,1000,415.0,415000.0,2021-10-11
2021101101013476,NICA,53,45,48,838.0,40224.0,2021-10-11
2021101103017498,VLBS,29,52,90,1640.0,147600.0,2021-10-11
2021101101013475,NICA,33,45,50,838.0,41900.0,2021-10-11
2021101101013474,NICA,52,45,40,838.0,33520.0,2021-10-11
2021101101013473,NICA,18,45,50,838.0,41900.0,2021-10-11
2021101101013472,NICA,11,45,30,838.0,25140.0,2021-10-11
2021101101013471,NICA,49,45,57,838.0,47766.0,2021-10-11
2021101103017497,KRBL,48,56,50,417.0,20850.0,2021-10-11
2021101101013470,NICA,45,45,200,838.1,167620.0,2021-10-11
2021101103017496,GBBL,45,43,100,562.3,56230.0,2021-10-11
2021101101013469,NICA,34,45,25,838.5,20962.5,2021-10-11
2021101101013468,SANIMA,45,36,200,512.0,102400.0,2021-10-11
2021101101013467,ADBL,48,3,77,508.0,39116.0,2021-10-11
2021101101013466,ADBL,50,3,20,508.1,10162.0,2021-10-11
2021101101013465,ADBL,33,3,98,508.1,49793.8,2021-10-11
2021101101013464,ADBL,45,3,30,508.1,15243.0,2021-10-11
2021101101013463,ADBL,58,3,100,509.0,50900.0,2021-10-11
2021101103017495,SMATA,7,48,19,1480.0,28120.0,2021-10-11
2021101105001901,JBLB,28,59,10,4550.0,45500.0,2021-10-11
2021101103017494,SMATA,34,48,71,1480.0,105080.0,2021-10-11
2021101103017493,SMATA,51,48,10,1494.0,14940.0,2021-10-11
2021101103017492,PROFL,38,41,50,398.5,19925.0,2021-10-11
2021101103017491,CBBL,7,3,13,1770.7,23019.1,2021-10-11
2021101101013462,CBL,22,29,19,244.9,4653.1,2021-10-11
2021101101013461,CBL,22,48,181,244.8,44308.8,2021-10-11
2021101103017490,SLICL,26,25,40,791.0,31640.0,2021-10-11
2021101104010495,SHL,25,38,224,225.0,50400.0,2021-10-11
2021101104010494,NHPC,47,57,480,380.0,182400.0,2021-10-11
2021101103017489,HIDCL,57,58,100,304.5,30450.0,2021-10-11
2021101104010493,NHPC,42,57,20,380.0,7600.0,2021-10-11
2021101104010492,LGIL,47,22,100,660.0,66000.0,2021-10-11
2021101104010491,LGIL,47,49,22,659.0,14498.0,2021-10-11
2021101104010490,LGIL,47,41,52,659.0,34268.0,2021-10-11
2021101103017488,CFCL,42,34,100,494.0,49400.0,2021-10-11
2021101104010489,RADHI,52,17,23,569.0,13087.0,2021-10-11
2021101104010488,RADHI,45,17,10,570.0,5700.0,2021-10-11
2021101103017487,LBBL,36,46,10,510.0,5100.0,2021-10-11
2021101103017486,NIFRA,38,26,23,361.9,8323.7,2021-10-11
2021101103017485,NIFRA,38,42,90,361.5,32535.0,2021-10-11
2021101103017484,ICFC,58,13,30,685.0,20550.0,2021-10-11
2021101103017483,ICFC,58,35,50,684.0,34200.0,2021-10-11
2021101101013460,SANIMA,58,36,20,512.0,10240.0,2021-10-11
2021101104010487,CHCL,43,29,24,602.0,14448.0,2021-10-11
2021101104010486,CHCL,45,29,26,602.9,15675.4,2021-10-11
2021101101013459,NBL,49,33,200,485.0,97000.0,2021-10-11
2021101104010485,GIMES1,49,50,5000,21.67,108350.0,2021-10-11
2021101103017482,MLBL,35,49,100,580.1,58010.0,2021-10-11
2021101104010484,AKPL,49,45,448,472.2,211545.6,2021-10-11
2021101103017481,JBBL,10,56,40,486.0,19440.0,2021-10-11
2021101104010483,AKPL,56,45,100,473.0,47300.0,2021-10-11
2021101104010482,AKPL,35,45,40,473.0,18920.0,2021-10-11
2021101103017480,CBBL,56,3,10,1770.7,17707.0,2021-10-11
2021101104010481,AKPL,43,45,412,476.0,196112.0,2021-10-11
2021101104010480,PIC,6,4,20,1025.0,20500.0,2021-10-11
2021101104010479,NHPC,8,4,350,381.0,133350.0,2021-10-11
2021101104010478,NHPC,8,57,150,381.0,57150.0,2021-10-11
2021101103017479,MLBL,8,49,10,580.1,5801.0,2021-10-11
2021101101013458,NABIL,25,58,10,1455.0,14550.0,2021-10-11
2021101104010477,UPPER,16,53,34,606.0,20604.0,2021-10-11
2021101101013457,CZBIL,57,53,300,323.0,96900.0,2021-10-11
2021101101013456,CZBIL,57,21,200,322.9,64580.0,2021-10-11
2021101101013455,SBI,54,16,30,357.0,10710.0,2021-10-11
2021101103017478,SADBL,29,44,380,387.0,147060.0,2021-10-11
2021101104010476,AKPL,43,39,588,476.0,279888.0,2021-10-11
2021101103017477,GFCL,49,34,100,674.9,67490.0,2021-10-11
2021101101013454,MKJC,6,46,10,460.0,4600.0,2021-10-11
2021101101013453,MKJC,8,46,20,460.0,9200.0,2021-10-11
2021101101013452,MKJC,20,46,1000,460.0,460000.0,2021-10-11
2021101101013451,MKJC,20,46,960,460.0,441600.0,2021-10-11
2021101101013450,MKJC,25,46,100,460.1,46010.0,2021-10-11
2021101101013449,MKJC,48,46,70,460.1,32207.0,2021-10-11
2021101104010475,SHPC,13,34,10,384.0,3840.0,2021-10-11
2021101104010474,BPCL,49,36,100,502.0,50200.0,2021-10-11
2021101104010473,BPCL,8,36,280,502.0,140560.0,2021-10-11
2021101104010472,CHCL,38,13,200,603.0,120600.0,2021-10-11
2021101103017476,RMDC,16,33,80,1492.0,119360.0,2021-10-11
2021101103017475,RMDC,16,34,40,1490.0,59600.0,2021-10-11
2021101103017474,RMDC,16,34,50,1487.5,74375.0,2021-10-11
2021101103017473,RMDC,16,33,290,1485.0,430650.0,2021-10-11
2021101103017472,RMDC,16,34,40,1484.0,59360.0,2021-10-11
2021101103017471,RMDC,16,33,190,1483.0,281770.0,2021-10-11
2021101103017470,RMDC,16,57,520,1481.9,770588.0,2021-10-11
2021101104010471,AKPL,29,39,42,476.0,19992.0,2021-10-11
2021101104010470,UPCL,42,11,100,342.9,34290.0,2021-10-11
2021101103017469,MLBL,48,49,4000,580.1,2320400.0,2021-10-11
2021101103017468,MLBL,52,49,54,580.1,31325.4,2021-10-11
2021101103017467,MLBL,44,49,1000,580.2,580200.0,2021-10-11
2021101103017466,MLBL,32,49,288,580.3,167126.4,2021-10-11
2021101103017465,MLBL,58,49,85,584.0,49640.0,2021-10-11
2021101103017464,JBBL,10,39,60,486.0,29160.0,2021-10-11
2021101103017463,JBBL,5,39,200,486.0,97200.0,2021-10-11
2021101104010469,HGI,41,39,100,636.0,63600.0,2021-10-11
2021101103017462,JBBL,48,39,100,486.0,48600.0,2021-10-11
2021101104010468,HGI,19,39,20,636.0,12720.0,2021-10-11
2021101103017461,JBBL,22,39,50,486.0,24300.0,2021-10-11
2021101104010467,HGI,8,39,20,636.0,12720.0,2021-10-11
2021101103017460,JBBL,4,39,90,486.0,43740.0,2021-10-11
2021101101013448,EBL,7,13,20,699.0,13980.0,2021-10-11
2021101101013447,EBL,51,13,20,699.1,13982.0,2021-10-11
2021101101013446,EBL,7,13,100,699.1,69910.0,2021-10-11
2021101101013445,EBL,47,13,100,699.1,69910.0,2021-10-11
2021101101013444,EBL,51,13,60,699.4,41964.0,2021-10-11
2021101103017459,RLI,13,56,10,507.0,5070.0,2021-10-11
2021101101013443,EBL,28,13,200,699.5,139900.0,2021-10-11
2021101101013442,LBL,1,22,200,332.6,66520.0,2021-10-11
2021101101013441,CCBL,55,41,60,238.5,14310.0,2021-10-11
2021101104010466,NGPL,19,28,50,628.0,31400.0,2021-10-11
2021101104010465,NGPL,32,28,20,628.0,12560.0,2021-10-11
2021101104010464,NGPL,39,28,110,628.0,69080.0,2021-10-11
2021101104010463,RHPC,36,57,109,628.0,68452.0,2021-10-11
2021101101013440,EBL,7,32,20,700.0,14000.0,2021-10-11
2021101101013439,EBL,4,32,150,700.0,105000.0,2021-10-11
2021101104010462,AKPL,17,39,60,476.0,28560.0,2021-10-11
2021101103017458,GLICL,49,6,83,576.0,47808.0,2021-10-11
2021101103017457,GLICL,1,6,17,576.0,9792.0,2021-10-11
2021101103017456,GLICL,58,6,100,576.1,57610.0,2021-10-11
2021101104010461,SHPC,26,34,30,384.0,11520.0,2021-10-11
2021101104010460,UPCL,25,59,481,342.0,164502.0,2021-10-11
2021101104010459,UPCL,26,59,19,342.0,6498.0,2021-10-11
2021101104010458,UMHL,58,56,440,422.0,185680.0,2021-10-11
2021101104010457,UMHL,58,44,2000,422.0,844000.0,2021-10-11
2021101104010456,UMHL,58,35,560,422.0,236320.0,2021-10-11
2021101103017455,EDBL,58,49,20,566.0,11320.0,2021-10-11
2021101104010455,HDHPC,29,10,200,299.0,59800.0,2021-10-11
2021101101013438,PRVU,35,16,50,398.9,19945.0,2021-10-11
2021101103017454,NMFBS,58,39,10,2940.0,29400.0,2021-10-11
2021101104010454,AHPC,29,56,217,406.0,88102.0,2021-10-11
2021101104010453,AHPC,13,56,20,406.0,8120.0,2021-10-11
2021101104010452,AHPC,26,56,250,406.0,101500.0,2021-10-11
2021101104010451,AHPC,25,56,50,406.0,20300.0,2021-10-11
2021101104010450,AHPC,7,56,50,406.0,20300.0,2021-10-11
2021101104010449,AHPC,34,56,100,406.0,40600.0,2021-10-11
2021101104010448,AHPC,16,56,195,406.0,79170.0,2021-10-11
2021101104010447,AHPC,52,56,108,406.1,43858.8,2021-10-11
2021101105001900,ULI,44,45,20,583.0,11660.0,2021-10-11
2021101103017453,NLIC,4,45,24,1688.0,40512.0,2021-10-11
2021101104010446,AHPC,49,56,10,406.1,4061.0,2021-10-11
2021101103017452,LICN,25,50,10,1930.0,19300.0,2021-10-11
2021101103017451,LICN,25,25,50,1929.9,96495.0,2021-10-11
2021101103017450,LICN,25,33,10,1929.0,19290.0,2021-10-11
2021101103017449,GBBL,47,25,91,560.1,50969.1,2021-10-11
2021101103017448,GBBL,45,25,10,560.2,5602.0,2021-10-11
2021101103017447,GBBL,38,25,100,561.0,56100.0,2021-10-11
2021101103017446,GBBL,57,25,50,561.0,28050.0,2021-10-11
2021101103017445,GBBL,58,25,10,561.0,5610.0,2021-10-11
2021101103017444,GBBL,41,25,100,562.0,56200.0,2021-10-11
2021101103017443,GBBL,49,25,50,562.0,28100.0,2021-10-11
2021101103017442,GBBL,45,25,100,562.0,56200.0,2021-10-11
2021101103017441,GBBL,17,25,48,562.0,26976.0,2021-10-11
2021101103017440,GBBL,42,25,97,562.3,54543.1,2021-10-11
2021101103017439,GBBL,47,25,10,562.5,5625.0,2021-10-11
2021101104010445,UMHL,20,41,590,421.0,248390.0,2021-10-11
2021101104010444,UMHL,29,41,10,421.4,4214.0,2021-10-11
2021101104010443,AKPL,35,41,260,473.0,122980.0,2021-10-11
2021101104010442,AKPL,52,41,10,474.0,4740.0,2021-10-11
2021101104010441,AKPL,53,41,30,475.0,14250.0,2021-10-11
2021101101013437,SANIMA,42,36,50,512.0,25600.0,2021-10-11
2021101103017438,MLBSL,49,43,10,5220.0,52200.0,2021-10-11
2021101103017437,ICFC,45,35,50,684.0,34200.0,2021-10-11
2021101103017436,SABSL,5,20,80,2100.0,168000.0,2021-10-11
2021101104010440,AKPL,10,39,300,476.0,142800.0,2021-10-11
2021101101013436,NBL,38,33,50,485.0,24250.0,2021-10-11
2021101103017435,HIDCL,58,58,50,304.5,15225.0,2021-10-11
2021101103017434,CBBL,22,3,15,1770.7,26560.5,2021-10-11
2021101105001899,JBLB,22,4,10,4558.0,45580.0,2021-10-11
2021101101013435,MEGA,45,28,40,330.0,13200.0,2021-10-11
2021101101013434,MEGA,45,28,100,330.0,33000.0,2021-10-11
2021101101013433,MEGA,14,28,10,330.5,3305.0,2021-10-11
2021101103017433,SADBL,14,58,120,388.0,46560.0,2021-10-11
2021101103017432,SADBL,14,58,300,387.0,116100.0,2021-10-11
2021101103017431,SADBL,14,58,80,387.0,30960.0,2021-10-11
2021101101013432,SANIMA,49,36,18,512.0,9216.0,2021-10-11
2021101101013431,NBL,39,33,100,485.0,48500.0,2021-10-11
2021101104010439,UIC,48,43,50,602.0,30100.0,2021-10-11
2021101104010438,RHPL,43,1,100,344.0,34400.0,2021-10-11
2021101104010437,RHPL,58,1,169,344.0,58136.0,2021-10-11
2021101103017430,CHDC,19,33,155,831.0,128805.0,2021-10-11
2021101103017429,CHDC,19,33,35,831.0,29085.0,2021-10-11
2021101103017428,CHDC,19,5,10,830.6,8306.0,2021-10-11
2021101103017427,MERO,48,38,4841,1385.0,6704785.0,2021-10-11
2021101103017426,MERO,8,38,20,1385.0,27700.0,2021-10-11
2021101103017425,MERO,57,38,50,1385.1,69255.0,2021-10-11
2021101103017424,MERO,57,38,29,1385.1,40167.9,2021-10-11
2021101103017423,MERO,34,38,10,1385.2,13852.0,2021-10-11
2021101103017422,MERO,3,38,50,1386.0,69300.0,2021-10-11
2021101101013430,NABIL,57,58,500,1455.0,727500.0,2021-10-11
2021101101013429,HDL,50,48,50,6920.0,346000.0,2021-10-11
2021101103017421,JBBL,38,14,100,486.1,48610.0,2021-10-11
2021101103017420,EDBL,34,49,50,566.0,28300.0,2021-10-11
2021101103017419,NRN,35,50,75,604.0,45300.0,2021-10-11
2021101103017418,ICFC,58,13,10,685.0,6850.0,2021-10-11
2021101101013428,NBL,58,33,400,485.0,194000.0,2021-10-11
2021101103017417,MLBL,58,22,30,584.9,17547.0,2021-10-11
2021101103017416,DDBL,35,42,46,1305.2,60039.2,2021-10-11
2021101104010436,BPCL,8,35,20,502.0,10040.0,2021-10-11
2021101104010435,CHCL,49,13,100,603.0,60300.0,2021-10-11
2021101104010434,CHCL,49,33,100,603.0,60300.0,2021-10-11
2021101103017415,JBBL,49,28,20,487.0,9740.0,2021-10-11
2021101104010433,BPCL,45,35,50,503.0,25150.0,2021-10-11
2021101101013427,MBL,45,36,850,387.0,328950.0,2021-10-11
2021101103017414,KSBBL,45,29,250,658.0,164500.0,2021-10-11
2021101101013426,SRBL,25,52,500,311.1,155550.0,2021-10-11
2021101104010432,GIMES1,52,50,100,21.67,2167.0,2021-10-11
2021101101013425,NICA,18,41,50,839.0,41950.0,2021-10-11
2021101101013424,MEGA,14,3,290,330.5,95845.0,2021-10-11
2021101101013423,MEGA,49,3,10,330.5,3305.0,2021-10-11
2021101103017413,PFL,13,43,50,589.0,29450.0,2021-10-11
2021101103017412,CIT,39,43,20,3362.0,67240.0,2021-10-11
2021101103017411,GBBL,47,57,490,562.5,275625.0,2021-10-11
2021101104010431,AKPL,32,39,10,476.0,4760.0,2021-10-11
2021101101013422,SBL,13,33,10,455.0,4550.0,2021-10-11
2021101105001898,JBLB,58,51,20,4555.0,91100.0,2021-10-11
2021101105001897,JBLB,58,58,10,4555.0,45550.0,2021-10-11
2021101103017410,MLBL,58,22,125,584.9,73112.5,2021-10-11
2021101103017409,NIFRA,58,26,50,361.9,18095.0,2021-10-11
2021101103017408,NUBL,21,59,85,1499.9,127491.5,2021-10-11
2021101104010430,RRHP,39,29,580,513.6,297888.0,2021-10-11
2021101104010429,RRHP,42,29,100,514.0,51400.0,2021-10-11
2021101104010428,RRHP,42,29,200,514.0,102800.0,2021-10-11
2021101104010427,RRHP,14,29,100,514.0,51400.0,2021-10-11
2021101104010426,RRHP,42,29,100,514.0,51400.0,2021-10-11
2021101104010425,RRHP,17,29,300,515.5,154650.0,2021-10-11
2021101104010424,RRHP,48,29,100,515.6,51560.0,2021-10-11
2021101104010423,RRHP,49,29,1000,515.6,515600.0,2021-10-11
2021101104010422,RRHP,50,29,500,515.7,257850.0,2021-10-11
2021101104010421,RRHP,57,29,20,516.0,10320.0,2021-10-11
2021101104010420,SICL,4,59,15,1719.0,25785.0,2021-10-11
2021101103017407,MNBBL,49,56,50,688.0,34400.0,2021-10-11
2021101104010419,RHPC,36,11,91,628.0,57148.0,2021-10-11
2021101104010418,PMHPL,58,45,15,292.0,4380.0,2021-10-11
2021101105001896,SLI,34,56,10,553.4,5534.0,2021-10-11
2021101103017406,MNBBL,58,56,25,688.0,17200.0,2021-10-11
2021101103017405,NRIC,48,16,39,1295.0,50505.0,2021-10-11
2021101101013421,NMB,57,28,58,410.0,23780.0,2021-10-11
2021101101013420,SBL,54,33,50,455.0,22750.0,2021-10-11
2021101104010417,AHPC,49,50,37,408.9,15129.3,2021-10-11
2021101103017404,MNBBL,58,40,75,688.0,51600.0,2021-10-11
2021101103017403,MNBBL,34,40,15,688.0,10320.0,2021-10-11
2021101103017402,MNBBL,49,40,10,689.0,6890.0,2021-10-11
2021101104010416,UPPER,35,53,10,606.0,6060.0,2021-10-11
2021101104010415,UPPER,58,53,26,606.0,15756.0,2021-10-11
2021101104010414,GIC,45,41,25,563.0,14075.0,2021-10-11
2021101104010413,UPPER,58,45,50,607.0,30350.0,2021-10-11
2021101104010412,SPDL,49,19,10,406.0,4060.0,2021-10-11
2021101103017401,MLBL,58,1,65,584.0,37960.0,2021-10-11
2021101101013419,CBL,1,48,10,244.8,2448.0,2021-10-11
2021101103017400,MLBBL,44,18,50,2020.0,101000.0,2021-10-11
2021101103017399,MLBBL,44,49,100,2020.0,202000.0,2021-10-11
2021101103017398,MLBBL,44,32,100,2004.0,200400.0,2021-10-11
2021101101013418,GBIME,44,42,61,401.5,24491.5,2021-10-11
2021101101013417,GBIME,34,42,53,401.5,21279.5,2021-10-11
2021101101013416,SANIMA,34,36,200,512.0,102400.0,2021-10-11
2021101103017397,NIFRA,8,43,435,360.0,156600.0,2021-10-11
2021101103017396,NIFRA,42,43,50,360.0,18000.0,2021-10-11
2021101103017395,NIFRA,58,43,15,360.0,5400.0,2021-10-11
2021101103017394,NIFRA,25,43,250,360.0,90000.0,2021-10-11
2021101103017393,NIFRA,25,43,30,360.0,10800.0,2021-10-11
2021101103017392,NIFRA,58,43,80,360.0,28800.0,2021-10-11
2021101103017391,NIFRA,14,43,40,360.0,14400.0,2021-10-11
2021101103017390,NIFRA,48,43,100,360.5,36050.0,2021-10-11
2021101103017389,DDBL,35,10,14,1305.2,18272.8,2021-10-11
2021101103017388,DDBL,19,10,100,1306.0,130600.0,2021-10-11
2021101103017387,DDBL,58,10,75,1307.0,98025.0,2021-10-11
2021101103017386,NLIC,4,36,156,1688.0,263328.0,2021-10-11
2021101103017385,NLIC,57,36,10,1688.0,16880.0,2021-10-11
2021101103017384,NLIC,49,36,18,1688.0,30384.0,2021-10-11
2021101103017383,NLIC,21,36,156,1688.0,263328.0,2021-10-11
2021101103017382,NLIC,34,36,50,1689.0,84450.0,2021-10-11
2021101101013415,NBB,36,29,200,416.0,83200.0,2021-10-11
2021101103017381,NLIC,4,36,10,1690.0,16900.0,2021-10-11
2021101101013414,MKJC,41,38,10,461.2,4612.0,2021-10-11
2021101103017380,GMFIL,38,33,50,478.5,23925.0,2021-10-11
2021101101013413,HDL,58,48,50,6920.0,346000.0,2021-10-11
2021101104010411,SGI,16,58,60,597.0,35820.0,2021-10-11
2021101103017379,ICFC,28,13,10,685.0,6850.0,2021-10-11
2021101103017378,JFL,16,16,110,576.0,63360.0,2021-10-11
2021101103017377,JFL,34,16,225,576.0,129600.0,2021-10-11
2021101103017376,JFL,7,16,10,577.0,5770.0,2021-10-11
2021101103017375,JFL,21,16,55,577.0,31735.0,2021-10-11
2021101104010410,LGIL,22,51,10,652.0,6520.0,2021-10-11
2021101103017374,SLBBL,39,28,50,1560.0,78000.0,2021-10-11
2021101103017373,SLBBL,39,41,10,1560.0,15600.0,2021-10-11
2021101103017372,SLBBL,39,18,50,1560.0,78000.0,2021-10-11
2021101103017371,SLBBL,39,1,50,1555.0,77750.0,2021-10-11
2021101101013412,SHIVM,46,37,22,1292.0,28424.0,2021-10-11
2021101101013411,SHIVM,55,37,100,1292.0,129200.0,2021-10-11
2021101101013410,SHIVM,7,37,18,1292.0,23256.0,2021-10-11
2021101101013409,SHIVM,46,37,20,1293.0,25860.0,2021-10-11
2021101101013408,SHIVM,38,37,1000,1293.0,1293000.0,2021-10-11
2021101101013407,SHIVM,45,37,30,1295.0,38850.0,2021-10-11
2021101101013406,SHIVM,57,37,110,1295.0,142450.0,2021-10-11
2021101101013405,SHIVM,34,37,100,1296.0,129600.0,2021-10-11
2021101101013404,SHIVM,20,37,100,1296.1,129610.0,2021-10-11
2021101101013403,HDL,56,48,10,6920.0,69200.0,2021-10-11
2021101103017370,CHDC,51,5,10,830.5,8305.0,2021-10-11
2021101103017369,MNBBL,49,42,10,689.0,6890.0,2021-10-11
2021101103017368,MNBBL,42,42,30,689.0,20670.0,2021-10-11
2021101101013402,NBL,42,33,251,485.0,121735.0,2021-10-11
2021101101013401,LBL,59,14,100,332.0,33200.0,2021-10-11
2021101103017367,SIFC,26,45,95,470.0,44650.0,2021-10-11
2021101101013400,NCCB,26,19,200,300.0,60000.0,2021-10-11
2021101101013399,SANIMA,35,36,500,512.0,256000.0,2021-10-11
2021101101013398,SANIMA,56,36,200,512.0,102400.0,2021-10-11
2021101101013397,SANIMA,58,36,30,512.0,15360.0,2021-10-11
2021101101013396,SANIMA,7,36,35,512.0,17920.0,2021-10-11
2021101101013395,SANIMA,34,36,30,512.0,15360.0,2021-10-11
2021101101013394,SANIMA,32,36,20,512.0,10240.0,2021-10-11
2021101101013393,SANIMA,57,36,50,512.0,25600.0,2021-10-11
2021101101013392,SANIMA,28,36,130,512.0,66560.0,2021-10-11
2021101101013391,SANIMA,57,36,603,512.0,308736.0,2021-10-11
2021101101013390,SANIMA,41,36,200,512.0,102400.0,2021-10-11
2021101101013389,SANIMA,59,36,50,512.0,25600.0,2021-10-11
2021101101013388,SANIMA,35,36,90,512.0,46080.0,2021-10-11
2021101101013387,SANIMA,4,36,300,512.0,153600.0,2021-10-11
2021101101013386,SANIMA,17,36,200,512.0,102400.0,2021-10-11
2021101101013385,SANIMA,35,36,40,512.0,20480.0,2021-10-11
2021101101013384,SANIMA,42,36,30,512.0,15360.0,2021-10-11
2021101101013383,SANIMA,34,36,85,512.0,43520.0,2021-10-11
2021101101013382,SANIMA,14,36,134,512.0,68608.0,2021-10-11
2021101101013381,SANIMA,28,36,200,512.0,102400.0,2021-10-11
2021101101013380,SANIMA,36,36,50,512.0,25600.0,2021-10-11
2021101101013379,SANIMA,40,36,20,512.0,10240.0,2021-10-11
2021101101013378,SANIMA,53,36,104,512.2,53268.8,2021-10-11
2021101104010409,IGI,8,35,50,1015.0,50750.0,2021-10-11
2021101104010408,EIC,8,38,150,655.0,98250.0,2021-10-11
2021101104010407,UPPER,58,41,50,607.0,30350.0,2021-10-11
2021101104010406,SAEF,7,40,400,12.72,5088.0,2021-10-11
2021101101013377,BOKL,42,59,25,341.6,8540.0,2021-10-11
2021101104010405,CHCL,14,33,300,603.0,180900.0,2021-10-11
2021101103017366,MDB,52,49,100,605.9,60590.0,2021-10-11
2021101103017365,LBBL,14,52,200,509.5,101900.0,2021-10-11
2021101103017364,MLBSL,8,41,10,5215.0,52150.0,2021-10-11
2021101101013376,MBL,58,33,130,386.9,50297.0,2021-10-11
2021101101013375,MBL,45,33,80,386.9,30952.0,2021-10-11
2021101101013374,PRVU,43,43,400,398.0,159200.0,2021-10-11
2021101101013373,PRVU,34,43,100,398.0,39800.0,2021-10-11
2021101104010404,GLH,54,35,10,399.0,3990.0,2021-10-11
2021101105001895,SLI,38,11,140,553.7,77518.0,2021-10-11
2021101104010403,PMHPL,58,45,20,295.0,5900.0,2021-10-11
2021101103017363,NLIC,42,22,35,1690.0,59150.0,2021-10-11
2021101103017362,NLIC,34,22,70,1690.0,118300.0,2021-10-11
2021101103017361,NLIC,16,22,62,1690.0,104780.0,2021-10-11
2021101105001894,SLI,38,21,10,553.7,5537.0,2021-10-11
2021101103017360,CBBL,42,3,10,1770.7,17707.0,2021-10-11
2021101101013372,NMB,35,1,26,409.9,10657.4,2021-10-11
2021101103017359,MLBBL,49,56,45,2000.2,90009.0,2021-10-11
2021101103017358,MLBBL,49,56,10,2000.2,20002.0,2021-10-11
2021101103017357,SWBBL,45,7,47,1626.0,76422.0,2021-10-11
2021101104010402,UMHL,20,56,54,421.0,22734.0,2021-10-11
2021101104010401,UMHL,41,56,41,421.0,17261.0,2021-10-11
2021101104010400,UMHL,53,56,100,421.0,42100.0,2021-10-11
2021101104010399,UMHL,32,56,30,421.0,12630.0,2021-10-11
2021101103017356,CFCL,42,26,10,494.0,4940.0,2021-10-11
2021101103017355,MPFL,48,32,300,457.9,137370.0,2021-10-11
2021101101013371,NICA,25,41,218,839.0,182902.0,2021-10-11
2021101104010398,SJCL,33,36,20,350.0,7000.0,2021-10-11
2021101104010397,SSHL,41,32,50,328.0,16400.0,2021-10-11
2021101101013370,HDL,32,48,72,6920.0,498240.0,2021-10-11
2021101104010396,SJCL,17,29,50,349.9,17495.0,2021-10-11
2021101104010395,PICL,17,43,200,669.9,133980.0,2021-10-11
2021101103017354,CORBL,7,7,20,810.0,16200.0,2021-10-11
2021101101013369,NBL,22,33,49,485.0,23765.0,2021-10-11
2021101105001893,JBLB,21,56,10,4555.0,45550.0,2021-10-11
2021101105001892,JBLB,21,34,10,4555.0,45550.0,2021-10-11
2021101103017353,BFC,6,59,50,425.0,21250.0,2021-10-11
2021101104010394,SICL,59,59,25,1719.0,42975.0,2021-10-11
2021101101013368,CCBL,1,41,500,238.5,119250.0,2021-10-11
2021101101013367,CCBL,55,41,60,238.5,14310.0,2021-10-11
2021101104010393,PPCL,14,34,10,394.0,3940.0,2021-10-11
2021101103017352,KRBL,48,48,129,417.0,53793.0,2021-10-11
2021101101013364,HDL,50,48,17,6925.0,117725.0,2021-10-11
2021101104010383,SHEL,54,19,10,402.0,4020.0,2021-10-11
2021101103017351,JBBL,4,28,110,486.0,53460.0,2021-10-11
2021101103017350,JBBL,55,28,390,486.0,189540.0,2021-10-11
2021101101013363,NMB,57,1,100,409.9,40990.0,2021-10-11
2021101101013362,NMB,57,1,14,409.9,5738.6,2021-10-11
2021101104010382,UMHL,32,25,500,421.0,210500.0,2021-10-11
2021101104010381,UMHL,34,25,300,421.1,126330.0,2021-10-11
2021101104010380,UMHL,45,25,150,421.1,63165.0,2021-10-11
2021101104010379,UMHL,38,25,50,421.2,21060.0,2021-10-11
2021101101013361,NBL,41,33,800,485.0,388000.0,2021-10-11
2021101104010378,GLH,54,54,130,399.0,51870.0,2021-10-11
2021101104010377,GLH,54,41,10,398.0,3980.0,2021-10-11
2021101104010376,GLH,54,7,10,396.0,3960.0,2021-10-11
2021101104010375,NICL,6,54,50,790.0,39500.0,2021-10-11
2021101101013360,KBL,34,16,500,289.9,144950.0,2021-10-11
2021101104010374,HPPL,34,34,100,417.0,41700.0,2021-10-11
2021101105001891,SLI,49,42,20,555.0,11100.0,2021-10-11
2021101105001890,SLI,49,49,80,554.0,44320.0,2021-10-11
2021101103017349,SHINE,49,34,50,458.0,22900.0,2021-10-11
2021101105001889,JBLB,49,34,10,4555.0,45550.0,2021-10-11
2021101104010392,CHCL,45,59,10,602.0,6020.0,2021-10-11
2021101101013366,MBL,45,21,120,386.9,46428.0,2021-10-11
2021101104010391,AHPC,49,56,90,406.1,36549.0,2021-10-11
2021101104010390,AHPC,22,56,100,406.2,40620.0,2021-10-11
2021101104010389,AHPC,14,56,10,407.0,4070.0,2021-10-11
2021101104010388,AHPC,48,56,300,407.0,122100.0,2021-10-11
2021101104010387,AHPC,42,56,310,407.0,126170.0,2021-10-11
2021101104010386,AHPC,17,56,100,408.0,40800.0,2021-10-11
2021101104010385,AHPC,51,56,30,408.0,12240.0,2021-10-11
2021101104010384,AHPC,52,56,60,408.1,24486.0,2021-10-11
2021101101013365,HDL,49,48,10,6920.0,69200.0,2021-10-11
2021101103017348,RMDC,25,58,80,1471.0,117680.0,2021-10-11
2021101103017347,RMDC,13,58,100,1472.0,147200.0,2021-10-11
2021101103017346,RMDC,10,58,20,1472.0,29440.0,2021-10-11
2021101103017345,LBBL,14,58,40,509.5,20380.0,2021-10-11
2021101104010373,UIC,58,58,21,599.0,12579.0,2021-10-11
2021101104010372,UPPER,58,7,12,606.0,7272.0,2021-10-11
2021101104010371,UPPER,14,7,20,606.0,12120.0,2021-10-11
2021101104010370,UPPER,38,7,18,606.0,10908.0,2021-10-11
2021101104010369,CHCL,17,59,29,602.0,17458.0,2021-10-11
2021101104010368,CHCL,17,59,20,602.0,12040.0,2021-10-11
2021101104010367,CHCL,32,59,25,602.0,15050.0,2021-10-11
2021101104010366,CHCL,35,59,266,602.5,160265.0,2021-10-11
2021101101013359,PCBL,34,16,180,476.1,85698.0,2021-10-11
2021101101013358,PCBL,48,16,200,476.1,95220.0,2021-10-11
2021101101013357,PCBL,49,16,100,476.5,47650.0,2021-10-11
2021101101013356,PCBL,52,16,20,476.5,9530.0,2021-10-11
2021101101013355,PCBL,57,16,200,476.6,95320.0,2021-10-11
2021101101013354,NICA,11,41,10,839.0,8390.0,2021-10-11
2021101104010365,AKPL,53,13,20,475.0,9500.0,2021-10-11
2021101104010364,UMHL,6,48,100,421.3,42130.0,2021-10-11
2021101103017344,NUBL,22,59,15,1499.9,22498.5,2021-10-11
2021101101013353,NMB,3,1,10,409.9,4099.0,2021-10-11
2021101101013352,NMB,42,1,50,409.9,20495.0,2021-10-11
2021101103017343,NTC,19,54,40,995.0,39800.0,2021-10-11
2021101101013351,SBL,59,33,200,455.0,91000.0,2021-10-11
2021101101013350,HDL,50,36,33,6925.0,228525.0,2021-10-11
2021101101013349,NMB,32,28,50,410.0,20500.0,2021-10-11
2021101103017342,RLFL,17,17,20,518.0,10360.0,2021-10-11
2021101101013348,LBL,44,13,500,331.3,165650.0,2021-10-11
2021101104010363,AHPC,36,50,190,408.9,77691.0,2021-10-11
2021101105001888,ULI,44,58,10,583.0,5830.0,2021-10-11
2021101103017341,KSBBL,42,38,100,659.0,65900.0,2021-10-11
2021101103017340,NRIC,58,16,40,1295.0,51800.0,2021-10-11
2021101104010362,RRHP,22,21,500,517.0,258500.0,2021-10-11
2021101103017339,MFIL,41,39,15,1030.0,15450.0,2021-10-11
2021101101013347,SANIMA,51,38,10,512.5,5125.0,2021-10-11
2021101101013346,SANIMA,51,52,90,512.5,46125.0,2021-10-11
2021101103017338,KMCDB,46,44,10,1240.0,12400.0,2021-10-11
2021101103017337,SLBBL,44,45,40,1546.0,61840.0,2021-10-11
2021101103017336,SLBBL,45,45,60,1551.0,93060.0,2021-10-11
2021101104010361,HDHPC,45,10,403,299.0,120497.0,2021-10-11
2021101104010360,HDHPC,45,45,97,298.7,28973.9,2021-10-11
2021101104010359,DHPL,26,22,220,296.0,65120.0,2021-10-11
2021101104010358,NHPC,48,52,888,379.0,336552.0,2021-10-11
2021101101013345,GBIME,39,13,779,401.0,312379.0,2021-10-11
2021101104010357,NHPC,5,52,50,379.1,18955.0,2021-10-11
2021101104010356,NHPC,57,52,100,379.1,37910.0,2021-10-11
2021101101013344,GBIME,1,13,60,401.1,24066.0,2021-10-11
2021101104010355,NHPC,47,52,962,380.0,365560.0,2021-10-11
2021101101013343,GBIME,34,13,100,401.5,40150.0,2021-10-11
2021101104010354,AKJCL,48,36,30,308.0,9240.0,2021-10-11
2021101103017335,KSBBL,42,38,50,659.0,32950.0,2021-10-11
2021101105001887,JBLB,1,34,30,4555.0,136650.0,2021-10-11
2021101105001886,JBLB,1,54,20,4555.0,91100.0,2021-10-11
2021101104010353,SHL,1,38,100,225.0,22500.0,2021-10-11
2021101103017334,RLFL,38,57,80,516.0,41280.0,2021-10-11
2021101101013342,CCBL,57,50,11,239.0,2629.0,2021-10-11
2021101104010352,SICL,11,59,30,1719.0,51570.0,2021-10-11
2021101104010351,SICL,22,59,10,1719.0,17190.0,2021-10-11
2021101101013341,SBL,38,33,1000,455.0,455000.0,2021-10-11
2021101101013340,SBL,26,33,90,455.0,40950.0,2021-10-11
2021101101013339,SBL,44,33,35,455.0,15925.0,2021-10-11
2021101101013338,SBL,22,33,50,455.0,22750.0,2021-10-11
2021101104010350,SIL,19,44,50,868.1,43405.0,2021-10-11
2021101101013337,SBL,5,33,50,455.0,22750.0,2021-10-11
2021101101013336,SBL,32,33,20,455.0,9100.0,2021-10-11
2021101101013335,SBL,7,33,20,455.0,9100.0,2021-10-11
2021101101013334,SBL,22,33,34,455.1,15473.4,2021-10-11
2021101101013333,SBL,49,33,1000,456.0,456000.0,2021-10-11
2021101101013332,SBL,25,33,100,456.0,45600.0,2021-10-11
2021101101013331,SBL,45,33,100,457.0,45700.0,2021-10-11
2021101101013330,SBL,45,33,80,457.0,36560.0,2021-10-11
2021101101013329,SBL,13,33,100,457.0,45700.0,2021-10-11
2021101101013328,SBL,58,33,110,457.0,50270.0,2021-10-11
2021101101013327,SBL,46,33,591,457.0,270087.0,2021-10-11
2021101101013326,SBL,44,33,300,457.2,137160.0,2021-10-11
2021101101013325,SBL,35,33,500,458.0,229000.0,2021-10-11
2021101101013324,SBL,33,33,500,458.0,229000.0,2021-10-11
2021101101013323,SBL,1,33,20,458.0,9160.0,2021-10-11
2021101101013322,SBL,19,33,30,458.0,13740.0,2021-10-11
2021101101013321,SBL,18,33,10,458.1,4581.0,2021-10-11
2021101101013320,MBL,34,21,20,386.9,7738.0,2021-10-11
2021101103017333,DDBL,43,38,50,1309.0,65450.0,2021-10-11
2021101101013319,KBL,25,46,83,289.5,24028.5,2021-10-11
2021101101013318,KBL,58,46,45,289.5,13027.5,2021-10-11
2021101101013317,KBL,59,46,50,289.5,14475.0,2021-10-11
2021101101013316,KBL,16,46,918,289.5,265761.0,2021-10-11
2021101104010349,KPCL,32,46,20,520.1,10402.0,2021-10-11
2021101101013315,KBL,22,46,50,289.7,14485.0,2021-10-11
2021101104010348,KPCL,32,34,50,518.9,25945.0,2021-10-11
2021101104010347,KPCL,32,54,90,518.0,46620.0,2021-10-11
2021101104010343,HDHPC,29,45,10,298.7,2987.0,2021-10-11
2021101101013307,NABIL,25,4,10,1450.0,14500.0,2021-10-11
2021101101013306,NABIL,6,4,50,1450.0,72500.0,2021-10-11
2021101101013305,NABIL,59,4,30,1450.0,43500.0,2021-10-11
2021101101013304,NABIL,6,4,50,1450.0,72500.0,2021-10-11
2021101101013303,NABIL,48,4,50,1450.0,72500.0,2021-10-11
2021101101013302,NABIL,35,4,30,1450.0,43500.0,2021-10-11
2021101101013301,NABIL,22,4,200,1450.0,290000.0,2021-10-11
2021101101013300,NABIL,6,4,50,1450.0,72500.0,2021-10-11
2021101101013299,NABIL,6,4,10,1450.0,14500.0,2021-10-11
2021101101013298,NABIL,56,4,200,1451.0,290200.0,2021-10-11
2021101101013297,NABIL,40,4,150,1453.0,217950.0,2021-10-11
2021101101013296,NABIL,43,4,300,1453.1,435930.0,2021-10-11
2021101103017332,JBBL,55,14,110,486.0,53460.0,2021-10-11
2021101103017331,JBBL,57,14,50,486.0,24300.0,2021-10-11
2021101103017330,JBBL,34,14,320,486.0,155520.0,2021-10-11
2021101103017329,JBBL,19,14,20,486.1,9722.0,2021-10-11
2021101103017328,MERO,39,34,100,1390.0,139000.0,2021-10-11
2021101101013295,NMB,49,28,50,410.0,20500.0,2021-10-11
2021101104010342,UMHL,49,35,20,422.0,8440.0,2021-10-11
2021101103017327,MNBBL,45,59,100,689.9,68990.0,2021-10-11
2021101103017326,MNBBL,45,40,100,689.9,68990.0,2021-10-11
2021101103017325,NICLBSL,11,8,100,1130.0,113000.0,2021-10-11
2021101101013314,HDL,58,36,20,6925.0,138500.0,2021-10-11
2021101104010346,CHCL,35,58,100,602.5,60250.0,2021-10-11
2021101104010345,SFMF,22,21,19260,10.72,206467.2,2021-10-11
2021101101013313,NICA,38,41,50,839.0,41950.0,2021-10-11
2021101101013312,NICA,25,41,115,839.0,96485.0,2021-10-11
2021101101013311,NABIL,3,4,20,1449.0,28980.0,2021-10-11
2021101101013310,NABIL,25,4,100,1450.0,145000.0,2021-10-11
2021101101013309,NABIL,17,4,100,1450.0,145000.0,2021-10-11
2021101104010344,BARUN,41,41,150,404.0,60600.0,2021-10-11
2021101101013308,NABIL,29,4,150,1450.0,217500.0,2021-10-11
2021101103017324,CHDC,28,5,10,830.5,8305.0,2021-10-11
2021101103017323,KMCDB,57,57,10,1225.0,12250.0,2021-10-11
2021101104010341,PIC,25,34,36,1040.0,37440.0,2021-10-11
2021101104010340,PIC,25,57,20,1038.0,20760.0,2021-10-11
2021101104010339,PIC,25,39,84,1034.0,86856.0,2021-10-11
2021101104010338,SHPC,41,34,10,384.0,3840.0,2021-10-11
2021101105001885,JBLB,11,54,10,4558.0,45580.0,2021-10-11
2021101104010337,LGIL,47,7,200,658.0,131600.0,2021-10-11
2021101104010336,LGIL,47,49,20,658.0,13160.0,2021-10-11
2021101101013294,NICA,25,3,385,839.0,323015.0,2021-10-11
2021101101013293,NICA,45,3,10,839.0,8390.0,2021-10-11
2021101101013292,NICA,25,3,30,839.0,25170.0,2021-10-11
2021101101013291,NICA,35,3,25,839.0,20975.0,2021-10-11
2021101104010335,API,36,3,426,429.7,183052.2,2021-10-11
2021101104010334,API,36,58,100,429.5,42950.0,2021-10-11
2021101101013290,MBL,43,21,152,386.8,58793.6,2021-10-11
2021101101013289,MBL,28,21,348,386.8,134606.4,2021-10-11
2021101103017322,KSBBL,29,54,50,659.9,32995.0,2021-10-11
2021101101013288,MKJC,42,4,10,468.0,4680.0,2021-10-11
2021101101013287,MKJC,42,49,10,467.0,4670.0,2021-10-11
2021101103017321,NRN,35,50,45,604.0,27180.0,2021-10-11
2021101103017320,CLBSL,45,57,40,1310.0,52400.0,2021-10-11
2021101104010333,API,7,45,10,429.0,4290.0,2021-10-11
2021101101013286,NABIL,40,58,650,1455.0,945750.0,2021-10-11
2021101104010332,CGH,57,22,10,1262.0,12620.0,2021-10-11
2021101104010331,SICL,42,58,50,1720.0,86000.0,2021-10-11
2021101101013285,NICA,49,39,35,840.0,29400.0,2021-10-11
2021101103017319,GBBL,6,57,500,562.5,281250.0,2021-10-11
2021101101013284,GBIME,13,42,10,402.0,4020.0,2021-10-11
2021101103017318,DDBL,58,38,78,1309.0,102102.0,2021-10-11
2021101103017317,DDBL,58,48,120,1309.0,157080.0,2021-10-11
2021101104010330,RHPC,59,58,50,630.0,31500.0,2021-10-11
2021101104010329,RHPC,28,58,150,630.0,94500.0,2021-10-11
2021101103017316,GILB,58,18,19,2266.0,43054.0,2021-10-11
2021101104010328,RHPC,45,58,25,630.0,15750.0,2021-10-11
2021101103017315,SINDU,58,40,200,428.9,85780.0,2021-10-11
2021101104010327,RHPC,42,58,506,630.0,318780.0,2021-10-11
2021101103017314,ICFC,45,38,100,684.0,68400.0,2021-10-11
2021101104010326,RHPC,35,58,930,630.1,585993.0,2021-10-11
2021101103017313,GUFL,17,7,76,838.4,63718.4,2021-10-11
2021101103017312,GUFL,6,7,50,838.5,41925.0,2021-10-11
2021101103017311,GUFL,28,7,59,839.1,49506.9,2021-10-11
2021101103017310,GUFL,49,7,100,840.0,84000.0,2021-10-11
2021101103017309,GUFL,32,7,25,843.0,21075.0,2021-10-11
2021101103017308,GUFL,6,7,50,844.0,42200.0,2021-10-11
2021101103017307,GUFL,39,7,80,844.0,67520.0,2021-10-11
2021101104010325,API,7,19,36,429.0,15444.0,2021-10-11
2021101103017306,GUFL,58,7,50,846.0,42300.0,2021-10-11
2021101104010324,API,7,57,50,428.2,21410.0,2021-10-11
2021101103017305,GUFL,49,7,10,849.0,8490.0,2021-10-11
2021101101013283,CZBIL,10,53,200,323.0,64600.0,2021-10-11
2021101103017304,SABSL,5,20,20,2095.0,41900.0,2021-10-11
2021101103017303,SLBSL,40,52,60,1375.0,82500.0,2021-10-11
2021101101013282,MEGA,28,35,10,330.8,3308.0,2021-10-11
2021101104010323,UPCL,26,4,131,342.0,44802.0,2021-10-11
2021101104010322,UPCL,26,4,36,342.9,12344.4,2021-10-11
2021101104010321,UPCL,38,4,583,343.0,199969.0,2021-10-11
2021101103017302,CFCL,42,35,100,494.0,49400.0,2021-10-11
2021101104010320,UMHL,39,35,100,422.0,42200.0,2021-10-11
2021101104010319,UMHL,39,47,400,421.5,168600.0,2021-10-11
2021101103017301,GBBL,17,45,31,562.0,17422.0,2021-10-11
2021101103017300,GBBL,33,45,19,562.2,10681.8,2021-10-11
2021101103017299,SMB,11,50,11,2729.0,30019.0,2021-10-11
2021101103017298,SMB,11,47,20,2725.0,54500.0,2021-10-11
2021101103017297,SMB,11,43,11,2724.9,29973.9,2021-10-11
2021101103017296,SMB,11,21,11,2701.0,29711.0,2021-10-11
2021101103017295,NTC,56,54,100,995.0,99500.0,2021-10-11
2021101101013281,MBL,1,36,500,387.0,193500.0,2021-10-11
2021101101013280,NICA,19,39,50,840.0,42000.0,2021-10-11
2021101103017294,FMDBL,1,44,1000,897.5,897500.0,2021-10-11
2021101103017293,FMDBL,55,44,45,898.0,40410.0,2021-10-11
2021101103017292,JLI,54,52,11,567.0,6237.0,2021-10-11
2021101103017291,KSBBL,42,45,250,659.0,164750.0,2021-10-11
2021101104010318,UMHL,10,47,100,421.6,42160.0,2021-10-11
2021101103017290,HIDCL,58,44,13,305.0,3965.0,2021-10-11
2021101101013279,NBL,7,33,30,485.0,14550.0,2021-10-11
2021101101013278,SBL,5,45,20,458.9,9178.0,2021-10-11
2021101104010317,SSHL,41,59,135,328.0,44280.0,2021-10-11
2021101103017289,RLI,42,56,75,507.0,38025.0,2021-10-11
2021101103017288,NRIC,57,16,400,1295.0,518000.0,2021-10-11
2021101103017287,NRIC,20,16,20,1295.0,25900.0,2021-10-11
2021101103017286,NRIC,21,16,10,1295.0,12950.0,2021-10-11
2021101103017285,NRIC,6,16,10,1295.0,12950.0,2021-10-11
2021101103017284,NRIC,45,16,30,1295.0,38850.0,2021-10-11
2021101103017283,NRIC,44,16,50,1295.0,64750.0,2021-10-11
2021101103017282,NRIC,8,16,30,1295.0,38850.0,2021-10-11
2021101103017281,NRIC,45,16,100,1295.0,129500.0,2021-10-11
2021101103017280,NRIC,45,16,125,1295.0,161875.0,2021-10-11
2021101103017279,NRIC,11,16,30,1295.1,38853.0,2021-10-11
2021101103017278,NRIC,43,16,200,1295.1,259020.0,2021-10-11
2021101103017277,NLBBL,48,29,10,1407.0,14070.0,2021-10-11
2021101104010316,SPDL,49,18,114,407.0,46398.0,2021-10-11
2021101104010315,SPDL,40,18,40,407.0,16280.0,2021-10-11
2021101104010314,SPDL,48,18,10,409.0,4090.0,2021-10-11
2021101103017276,BFC,42,54,49,425.0,20825.0,2021-10-11
2021101103017275,BFC,20,54,43,425.0,18275.0,2021-10-11
2021101105001884,JBLB,22,34,10,4555.0,45550.0,2021-10-11
2021101101013277,KBL,43,16,50,289.9,14495.0,2021-10-11
2021101103017274,GFCL,47,38,50,675.0,33750.0,2021-10-11
2021101101013276,PRVU,13,16,50,398.9,19945.0,2021-10-11
2021101101013275,PRVU,13,58,50,398.5,19925.0,2021-10-11
2021101101013274,SHIVM,58,37,10,1297.0,12970.0,2021-10-11
2021101103017273,VLBS,42,52,160,1645.0,263200.0,2021-10-11
2021101103017272,NIFRA,51,26,387,361.9,140055.3,2021-10-11
2021101103017271,NIFRA,51,6,15,361.8,5427.0,2021-10-11
2021101103017270,NIFRA,51,45,40,361.8,14472.0,2021-10-11
2021101103017269,NIFRA,51,58,10,361.1,3611.0,2021-10-11
2021101103017268,NIFRA,51,52,60,361.0,21660.0,2021-10-11
2021101101013273,GBIME,51,42,160,402.0,64320.0,2021-10-11
2021101101013272,GBIME,51,54,40,401.5,16060.0,2021-10-11
2021101103017267,NIFRA,51,43,488,361.0,176168.0,2021-10-11
2021101101013271,GBIME,49,54,13,401.5,5219.5,2021-10-11
2021101103017266,NLICL,45,6,300,951.0,285300.0,2021-10-11
2021101101013270,HDL,3,21,20,6925.0,138500.0,2021-10-11
2021101104010313,SSHL,48,59,65,328.0,21320.0,2021-10-11
2021101103017265,NFS,48,59,100,506.0,50600.0,2021-10-11
2021101104010312,SSHL,48,41,435,328.0,142680.0,2021-10-11
2021101103017264,NFS,48,57,358,506.0,181148.0,2021-10-11
2021101105001883,ULI,44,19,10,583.0,5830.0,2021-10-11
2021101103017263,PLIC,1,50,100,835.0,83500.0,2021-10-11
2021101104010311,API,57,57,100,428.2,42820.0,2021-10-11
2021101101013269,NBL,44,33,1000,485.0,485000.0,2021-10-11
2021101104010310,GIMES1,57,33,836,21.65,18099.4,2021-10-11
2021101103017262,JBBL,19,54,80,486.1,38888.0,2021-10-11
2021101103017261,JBBL,57,54,360,486.1,174996.0,2021-10-11
2021101103017260,NLICL,54,33,15,940.0,14100.0,2021-10-11
2021101103017259,SABSL,38,20,80,2095.0,167600.0,2021-10-11
2021101104010309,API,6,57,50,428.2,21410.0,2021-10-11
2021101103017258,GMFIL,6,33,50,478.5,23925.0,2021-10-11
2021101104010308,CHCL,35,38,54,602.5,32535.0,2021-10-11
2021101104010307,CHCL,6,38,48,602.9,28939.2,2021-10-11
2021101101013268,MBL,22,36,150,387.0,58050.0,2021-10-11
2021101101013267,HDL,56,21,53,6925.0,367025.0,2021-10-11
2021101101013266,MEGA,28,28,1377,329.1,453170.7,2021-10-11
2021101101013265,MEGA,38,28,1374,329.1,452183.4,2021-10-11
2021101101013264,MEGA,32,28,100,330.0,33000.0,2021-10-11
2021101101013263,MEGA,59,28,100,330.0,33000.0,2021-10-11
2021101101013262,MEGA,28,28,49,330.0,16170.0,2021-10-11
2021101101013261,SHIVM,42,37,66,1297.0,85602.0,2021-10-11
2021101103017257,SIFC,42,45,10,470.0,4700.0,2021-10-11
2021101101013260,NMB,42,28,11,410.0,4510.0,2021-10-11
2021101103017256,NLIC,16,51,20,1690.0,33800.0,2021-10-11
2021101103017255,NLIC,16,1,29,1690.0,49010.0,2021-10-11
2021101103017254,SMFBS,45,45,2,2633.0,5266.0,2021-10-11
2021101105001882,SLI,38,56,10,553.7,5537.0,2021-10-11
2021101103017253,GILB,13,18,10,2266.0,22660.0,2021-10-11
