contract,symbol,buyer,seller,qty,rate,amt,date
2021102003013120,MLBL,21,47,100,578.0,57800.0,2021-10-20
2021102004010268,HURJA,38,38,10,404.0,4040.0,2021-10-20
2021102004010267,HURJA,38,55,100,404.0,40400.0,2021-10-20
2021102004010266,HURJA,38,46,20,400.0,8000.0,2021-10-20
2021102003013119,BFC,38,43,10,412.0,4120.0,2021-10-20
2021102004010265,HURJA,38,51,20,400.0,8000.0,2021-10-20
2021102003013118,NLICL,38,59,42,928.0,38976.0,2021-10-20
2021102001009974,SHIVM,38,57,10,1274.9,12749.0,2021-10-20
2021102003013117,NLICL,38,59,108,928.0,100224.0,2021-10-20
2021102001009973,NABIL,58,19,66,1460.0,96360.0,2021-10-20
2021102001009972,NABIL,58,53,18,1460.0,26280.0,2021-10-20
2021102001009971,NABIL,58,26,16,1459.9,23358.4,2021-10-20
2021102001009970,SANIMA,18,25,117,493.9,57786.3,2021-10-20
2021102001009969,CCBL,58,42,30,232.0,6960.0,2021-10-20
2021102001009968,CCBL,18,42,150,232.0,34800.0,2021-10-20
2021102005001282,JBLB,42,35,10,4340.0,43400.0,2021-10-20
2021102001009967,CCBL,50,42,39,232.0,9048.0,2021-10-20
2021102004010264,GIMES1,56,7,4500,20.73,93285.0,2021-10-20
2021102001009966,NBB,55,36,480,390.1,187248.0,2021-10-20
2021102004010263,GIMES1,22,7,1500,20.73,31095.0,2021-10-20
2021102004010262,GIMES1,17,7,2500,20.74,51850.0,2021-10-20
2021102001009965,NBB,45,36,20,390.2,7804.0,2021-10-20
2021102001009964,NCCB,56,57,92,289.8,26661.6,2021-10-20
2021102001009963,NCCB,56,22,70,289.0,20230.0,2021-10-20
2021102001009962,NCCB,56,22,80,288.0,23040.0,2021-10-20
2021102001009961,NCCB,56,34,61,288.0,17568.0,2021-10-20
2021102001009960,NCCB,56,29,97,287.0,27839.0,2021-10-20
2021102001009959,NCCB,56,51,100,287.0,28700.0,2021-10-20
2021102004010261,UMHL,40,59,9,391.0,3519.0,2021-10-20
2021102001009958,SBL,59,17,10,451.0,4510.0,2021-10-20
2021102005001281,SLI,48,57,20,520.0,10400.0,2021-10-20
2021102005001280,SLI,48,38,10,520.0,5200.0,2021-10-20
2021102003013116,MLBL,48,32,141,580.0,81780.0,2021-10-20
2021102003013115,MLBL,48,45,459,579.0,265761.0,2021-10-20
2021102004010260,UPPER,29,13,80,576.6,46128.0,2021-10-20
2021102003013114,MNBBL,42,34,175,665.0,116375.0,2021-10-20
2021102004010259,LEC,34,20,10,309.9,3099.0,2021-10-20
2021102003013113,MNBBL,58,34,30,666.0,19980.0,2021-10-20
2021102003013112,FOWAD,50,59,10,2715.0,27150.0,2021-10-20
2021102003013111,ICFC,28,19,110,648.0,71280.0,2021-10-20
2021102003013110,ICFC,28,6,1300,643.0,835900.0,2021-10-20
2021102001009957,PRVU,33,42,1442,379.0,546518.0,2021-10-20
2021102001009956,PRVU,33,26,82,379.0,31078.0,2021-10-20
2021102003013109,NFS,35,26,10,501.0,5010.0,2021-10-20
2021102001009955,PRVU,33,7,476,378.9,180356.4,2021-10-20
2021102004010258,NHPC,52,32,500,367.3,183650.0,2021-10-20
2021102004010257,NHPC,52,53,80,367.3,29384.0,2021-10-20
2021102004010256,UPPER,57,41,19,576.0,10944.0,2021-10-20
2021102004010255,UPPER,14,41,21,576.0,12096.0,2021-10-20
2021102004010254,UPPER,42,41,10,576.5,5765.0,2021-10-20
2021102003013108,MERO,49,53,100,1541.0,154100.0,2021-10-20
2021102003013107,MERO,49,48,10,1541.0,15410.0,2021-10-20
2021102003013106,MERO,49,16,200,1512.1,302420.0,2021-10-20
2021102003013105,MERO,49,53,100,1512.1,151210.0,2021-10-20
2021102003013104,MERO,49,41,100,1512.0,151200.0,2021-10-20
2021102003013103,MERO,49,38,300,1512.0,453600.0,2021-10-20
2021102003013102,MERO,49,3,300,1512.0,453600.0,2021-10-20
2021102003013101,MERO,49,32,500,1511.6,755800.0,2021-10-20
2021102003013100,MERO,49,33,200,1510.0,302000.0,2021-10-20
2021102003013099,MERO,49,7,30,1505.0,45150.0,2021-10-20
2021102003013098,MERO,49,42,300,1505.0,451500.0,2021-10-20
2021102003013097,MERO,49,10,850,1505.0,1279250.0,2021-10-20
2021102003013096,MERO,49,57,200,1502.0,300400.0,2021-10-20
2021102003013095,MERO,49,58,50,1490.0,74500.0,2021-10-20
2021102003013094,MERO,49,20,30,1482.5,44475.0,2021-10-20
2021102003013093,MERO,49,19,20,1480.0,29600.0,2021-10-20
2021102003013092,MERO,49,28,20,1480.0,29600.0,2021-10-20
2021102003013091,MERO,49,51,20,1445.0,28900.0,2021-10-20
2021102003013090,MERO,49,42,30,1445.0,43350.0,2021-10-20
2021102003013089,MERO,49,3,20,1445.0,28900.0,2021-10-20
2021102003013088,MERO,49,6,100,1445.0,144500.0,2021-10-20
2021102003013087,MERO,49,33,180,1429.0,257220.0,2021-10-20
2021102003013086,MERO,49,58,90,1428.0,128520.0,2021-10-20
2021102004010253,SPDL,57,34,25,380.0,9500.0,2021-10-20
2021102003013085,MERO,49,57,100,1428.0,142800.0,2021-10-20
2021102003013084,MERO,49,49,10,1428.0,14280.0,2021-10-20
2021102003013083,MERO,49,41,300,1428.0,428400.0,2021-10-20
2021102003013082,MERO,49,6,150,1425.0,213750.0,2021-10-20
2021102003013081,MERO,49,34,17,1420.0,24140.0,2021-10-20
2021102003013080,MERO,49,58,200,1419.9,283980.0,2021-10-20
2021102003013079,MERO,49,55,100,1415.0,141500.0,2021-10-20
2021102003013078,MERO,49,28,40,1415.0,56600.0,2021-10-20
2021102003013077,MERO,49,20,314,1410.0,442740.0,2021-10-20
2021102004010252,RHPL,57,16,110,346.0,38060.0,2021-10-20
2021102001009954,LBL,37,51,10,312.0,3120.0,2021-10-20
2021102001009953,LBL,4,51,50,312.0,15600.0,2021-10-20
2021102003013076,LBBL,38,1,55,482.0,26510.0,2021-10-20
2021102003013075,LBBL,38,16,920,482.0,443440.0,2021-10-20
2021102003013074,LBBL,38,53,25,481.9,12047.5,2021-10-20
2021102004010251,RHPC,38,4,10,625.0,6250.0,2021-10-20
2021102005001279,JBLB,58,16,10,4394.0,43940.0,2021-10-20
2021102005001278,JBLB,58,41,10,4394.0,43940.0,2021-10-20
2021102005001277,JBLB,58,6,50,4394.0,219700.0,2021-10-20
2021102005001276,JBLB,58,7,10,4390.0,43900.0,2021-10-20
2021102005001275,JBLB,58,36,10,4390.0,43900.0,2021-10-20
2021102005001274,JBLB,58,4,20,4390.0,87800.0,2021-10-20
2021102005001273,JBLB,58,58,10,4390.0,43900.0,2021-10-20
2021102005001272,JBLB,58,59,10,4389.9,43899.0,2021-10-20
2021102005001271,JBLB,58,21,10,4380.0,43800.0,2021-10-20
2021102005001270,JBLB,58,32,10,4380.0,43800.0,2021-10-20
2021102005001269,JBLB,58,41,100,4375.0,437500.0,2021-10-20
2021102003013073,ICFC,58,6,100,643.0,64300.0,2021-10-20
2021102004010250,KPCL,42,4,10,517.0,5170.0,2021-10-20
2021102001009952,NCCB,42,51,50,287.0,14350.0,2021-10-20
2021102003013072,NFS,32,26,10,501.0,5010.0,2021-10-20
2021102003013071,NMFBS,46,50,16,2815.0,45040.0,2021-10-20
2021102001009951,ADBL,35,11,10,503.8,5038.0,2021-10-20
2021102003013070,NTC,52,45,20,1054.0,21080.0,2021-10-20
2021102003013069,NTC,52,38,50,1053.9,52695.0,2021-10-20
2021102003013068,NTC,52,45,10,1050.0,10500.0,2021-10-20
2021102003013067,NTC,52,49,110,1050.0,115500.0,2021-10-20
2021102003013066,NTC,52,42,75,1050.0,78750.0,2021-10-20
2021102003013065,NTC,52,58,25,1050.0,26250.0,2021-10-20
2021102003013064,NTC,52,45,10,1050.0,10500.0,2021-10-20
2021102004010249,SHPC,6,49,150,367.2,55080.0,2021-10-20
2021102004010248,SHPC,41,49,50,367.5,18375.0,2021-10-20
2021102001009950,NICA,44,47,20,802.0,16040.0,2021-10-20
2021102001009949,NICA,19,47,111,802.0,89022.0,2021-10-20
2021102003013063,BFC,51,43,10,412.0,4120.0,2021-10-20
2021102003013062,NFS,58,26,10,501.0,5010.0,2021-10-20
2021102003013061,NIFRA,42,58,10,342.5,3425.0,2021-10-20
2021102004010247,MEN,5,17,100,1110.0,111000.0,2021-10-20
2021102001009948,MBL,22,49,60,371.6,22296.0,2021-10-20
2021102001009947,SBI,5,3,95,346.8,32946.0,2021-10-20
2021102001009946,SBI,5,3,130,346.7,45071.0,2021-10-20
2021102001009945,SBI,5,57,25,345.0,8625.0,2021-10-20
2021102003013060,SIFC,29,20,10,443.9,4439.0,2021-10-20
2021102003013059,GLBSL,56,57,10,1590.0,15900.0,2021-10-20
2021102003013058,GLBSL,56,25,20,1573.0,31460.0,2021-10-20
2021102003013057,GLBSL,56,29,10,1573.0,15730.0,2021-10-20
2021102003013056,GLBSL,56,57,10,1570.0,15700.0,2021-10-20
2021102004010246,HDHPC,57,57,50,288.0,14400.0,2021-10-20
2021102003013055,SLICL,57,28,50,762.0,38100.0,2021-10-20
2021102004010245,SICL,13,57,50,1655.0,82750.0,2021-10-20
2021102001009944,CCBL,50,43,61,232.0,14152.0,2021-10-20
2021102003013054,NIFRA,21,58,10,342.5,3425.0,2021-10-20
2021102004010244,RRHP,58,47,100,491.0,49100.0,2021-10-20
2021102003013053,MLBL,44,45,41,579.0,23739.0,2021-10-20
2021102003013052,KSBBL,21,37,230,660.0,151800.0,2021-10-20
2021102003013051,GBLBS,34,25,14,967.0,13538.0,2021-10-20
2021102003013050,GBLBS,34,38,50,967.0,48350.0,2021-10-20
2021102003013049,GBLBS,34,6,11,965.0,10615.0,2021-10-20
2021102001009943,PCBL,20,14,100,465.0,46500.0,2021-10-20
2021102003013048,GBLBS,34,25,10,963.0,9630.0,2021-10-20
2021102001009942,PCBL,20,57,50,465.0,23250.0,2021-10-20
2021102001009941,PCBL,20,21,50,465.0,23250.0,2021-10-20
2021102003013047,RMDC,57,34,20,1416.0,28320.0,2021-10-20
2021102001009940,PCBL,20,44,100,465.0,46500.0,2021-10-20
2021102003013046,RMDC,7,34,30,1418.0,42540.0,2021-10-20
2021102001009939,PCBL,20,19,50,465.0,23250.0,2021-10-20
2021102001009938,PCBL,20,4,59,465.0,27435.0,2021-10-20
2021102001009937,PCBL,20,43,55,464.9,25569.5,2021-10-20
2021102004010243,RADHI,28,19,223,530.0,118190.0,2021-10-20
2021102004010242,RADHI,28,19,15,530.0,7950.0,2021-10-20
2021102004010241,RADHI,28,53,262,530.0,138860.0,2021-10-20
2021102004010240,SSHL,46,45,93,308.0,28644.0,2021-10-20
2021102004010239,SSHL,46,35,43,308.0,13244.0,2021-10-20
2021102004010238,SSHL,46,44,15,308.0,4620.0,2021-10-20
2021102004010237,SSHL,46,6,100,308.0,30800.0,2021-10-20
2021102004010236,SSHL,46,41,50,305.5,15275.0,2021-10-20
2021102004010235,SSHL,46,17,180,305.5,54990.0,2021-10-20
2021102004010234,SSHL,46,45,519,305.4,158502.6,2021-10-20
2021102004010233,SICL,35,16,84,1659.0,139356.0,2021-10-20
2021102004010232,SICL,35,49,116,1659.0,192444.0,2021-10-20
2021102004010231,SHEL,57,38,10,396.0,3960.0,2021-10-20
2021102004010230,UMHL,58,34,212,398.8,84545.6,2021-10-20
2021102003013045,NIFRA,58,58,20,342.5,6850.0,2021-10-20
2021102004010229,UMHL,58,14,200,398.0,79600.0,2021-10-20
2021102003013044,NIFRA,25,58,100,342.5,34250.0,2021-10-20
2021102004010228,UMHL,58,58,50,398.0,19900.0,2021-10-20
2021102003013043,SINDU,58,38,48,410.0,19680.0,2021-10-20
2021102004010227,UMHL,58,32,38,398.0,15124.0,2021-10-20
2021102004010226,EIC,25,38,10,625.0,6250.0,2021-10-20
2021102004010225,EIC,25,6,10,624.0,6240.0,2021-10-20
2021102003013042,LICN,25,50,25,1916.0,47900.0,2021-10-20
2021102003013041,NFS,58,6,10,499.0,4990.0,2021-10-20
2021102003013040,NABBC,48,33,100,689.0,68900.0,2021-10-20
2021102004010224,SHPC,13,34,10,367.7,3677.0,2021-10-20
2021102004010223,SHPC,4,34,49,368.0,18032.0,2021-10-20
2021102004010222,NGPL,36,20,50,578.0,28900.0,2021-10-20
2021102004010221,NGPL,59,20,50,580.0,29000.0,2021-10-20
2021102004010220,NGPL,45,20,50,580.0,29000.0,2021-10-20
2021102004010219,NGPL,28,20,20,580.0,11600.0,2021-10-20
2021102004010218,NGPL,45,20,207,580.0,120060.0,2021-10-20
2021102004010217,NGPL,48,20,10,581.0,5810.0,2021-10-20
2021102004010216,NGPL,16,20,300,581.0,174300.0,2021-10-20
2021102004010215,NGPL,43,20,100,581.1,58110.0,2021-10-20
2021102004010214,NGPL,25,20,30,581.1,17433.0,2021-10-20
2021102004010213,NGPL,48,20,177,581.1,102854.7,2021-10-20
2021102004010212,SICL,13,50,50,1655.0,82750.0,2021-10-20
2021102004010211,SICL,44,50,150,1655.0,248250.0,2021-10-20
2021102005001268,ULI,11,57,10,573.9,5739.0,2021-10-20
2021102003013039,MFIL,45,58,10,1055.0,10550.0,2021-10-20
2021102004010210,API,55,48,20,413.0,8260.0,2021-10-20
2021102001009936,NBL,42,49,100,463.0,46300.0,2021-10-20
2021102001009935,GBIME,38,34,16,380.0,6080.0,2021-10-20
2021102001009934,GBIME,38,59,18,380.0,6840.0,2021-10-20
2021102001009933,GBIME,38,34,66,379.1,25020.6,2021-10-20
2021102005001267,JBLB,58,49,10,4370.0,43700.0,2021-10-20
2021102005001266,JBLB,58,16,10,4370.0,43700.0,2021-10-20
2021102005001265,JBLB,58,43,10,4350.0,43500.0,2021-10-20
2021102005001264,JBLB,58,29,20,4350.0,87000.0,2021-10-20
2021102005001263,JBLB,58,44,20,4349.0,86980.0,2021-10-20
2021102005001262,JBLB,58,43,20,4349.0,86980.0,2021-10-20
2021102004010209,PSF,25,58,100,9.42,942.0,2021-10-20
2021102005001261,JBLB,58,50,10,4348.9,43489.0,2021-10-20
2021102003013038,ICFC,28,42,166,642.0,106572.0,2021-10-20
2021102001009932,CZBIL,28,19,200,299.0,59800.0,2021-10-20
2021102001009931,NMB,29,32,880,397.0,349360.0,2021-10-20
2021102001009930,NMB,29,32,1000,397.0,397000.0,2021-10-20
2021102001009929,NMB,29,32,1000,397.0,397000.0,2021-10-20
2021102001009928,NMB,44,32,50,397.0,19850.0,2021-10-20
2021102001009927,NMB,8,32,10,397.0,3970.0,2021-10-20
2021102001009926,NMB,26,32,60,397.2,23832.0,2021-10-20
2021102004010208,UPPER,41,13,255,576.6,147033.0,2021-10-20
2021102004010207,UPPER,41,39,25,576.6,14415.0,2021-10-20
2021102004010206,MHNL,56,20,150,344.9,51735.0,2021-10-20
2021102004010205,MHNL,56,35,250,343.0,85750.0,2021-10-20
2021102003013037,ILBS,48,1,10,1644.0,16440.0,2021-10-20
2021102003013036,FMDBL,29,6,10,885.9,8859.0,2021-10-20
2021102004010204,AKPL,49,1,300,460.0,138000.0,2021-10-20
2021102003013035,NICLBSL,36,45,100,1084.0,108400.0,2021-10-20
2021102004010203,AKPL,26,1,90,460.9,41481.0,2021-10-20
2021102003013034,NLIC,39,45,14,1623.0,22722.0,2021-10-20
2021102004010202,AKPL,25,1,10,460.9,4609.0,2021-10-20
2021102005001260,ULI,57,57,10,573.9,5739.0,2021-10-20
2021102005001259,ULI,57,42,10,572.0,5720.0,2021-10-20
2021102005001258,ULI,57,38,10,570.9,5709.0,2021-10-20
2021102003013033,GBBL,32,49,20,542.5,10850.0,2021-10-20
2021102003013032,HIDCL,14,44,270,296.0,79920.0,2021-10-20
2021102001009925,SANIMA,18,47,13,493.9,6420.7,2021-10-20
2021102001009924,SANIMA,51,47,67,494.0,33098.0,2021-10-20
2021102001009923,SANIMA,6,47,50,494.0,24700.0,2021-10-20
2021102001009922,GBIME,51,34,50,379.1,18955.0,2021-10-20
2021102003013031,KSBBL,21,58,100,660.0,66000.0,2021-10-20
2021102004010201,UPPER,42,38,10,576.4,5764.0,2021-10-20
2021102003013030,KSBBL,21,25,70,660.0,46200.0,2021-10-20
2021102003013029,KSBBL,51,25,150,660.0,99000.0,2021-10-20
2021102003013028,KSBBL,45,25,80,660.0,52800.0,2021-10-20
2021102001009921,SANIMA,6,57,50,494.0,24700.0,2021-10-20
2021102004010200,NHPC,54,53,20,367.3,7346.0,2021-10-20
2021102004010199,NHPC,54,17,20,367.2,7344.0,2021-10-20
2021102003013027,MLBSL,58,53,10,4932.0,49320.0,2021-10-20
2021102004010198,RRHP,58,26,100,491.0,49100.0,2021-10-20
2021102003013026,PROFL,34,51,10,374.0,3740.0,2021-10-20
2021102003013025,RSDC,34,41,10,840.0,8400.0,2021-10-20
2021102003013024,RSDC,34,7,20,831.0,16620.0,2021-10-20
2021102004010197,SPDL,50,34,100,380.0,38000.0,2021-10-20
2021102001009920,CCBL,50,14,606,232.5,140895.0,2021-10-20
2021102004010196,SPDL,50,38,150,379.9,56985.0,2021-10-20
2021102004010195,NHPC,52,52,47,366.6,17230.2,2021-10-20
2021102004010194,RURU,14,57,10,1025.0,10250.0,2021-10-20
2021102004010193,RURU,14,14,10,1020.0,10200.0,2021-10-20
2021102004010192,RURU,14,58,10,1000.0,10000.0,2021-10-20
2021102004010191,RURU,14,8,50,1000.0,50000.0,2021-10-20
2021102004010190,RURU,14,14,50,1000.0,50000.0,2021-10-20
2021102001009919,NBB,57,14,500,390.2,195100.0,2021-10-20
2021102003013023,NMBMF,49,45,45,1300.0,58500.0,2021-10-20
2021102003013022,NMBMF,49,19,55,1299.0,71445.0,2021-10-20
2021102001009918,NICA,19,14,389,802.0,311978.0,2021-10-20
2021102001009917,ADBL,54,21,20,502.0,10040.0,2021-10-20
2021102003013021,SLBBL,21,38,70,1500.0,105000.0,2021-10-20
2021102004010189,UMHL,51,32,69,398.0,27462.0,2021-10-20
2021102004010188,NHPC,58,52,50,366.6,18330.0,2021-10-20
2021102004010187,SAEF,7,28,1700,12.47,21199.0,2021-10-20
2021102004010186,SAEF,37,28,500,12.47,6235.0,2021-10-20
2021102003013020,NSLB,21,28,10,1397.6,13976.0,2021-10-20
2021102004010185,SAEF,59,28,2000,12.48,24960.0,2021-10-20
2021102001009916,NBB,4,13,50,390.5,19525.0,2021-10-20
2021102004010184,MHNL,22,32,75,340.1,25507.5,2021-10-20
2021102004010183,MHNL,21,32,95,340.2,32319.0,2021-10-20
2021102004010182,MHNL,34,32,826,340.3,281087.8,2021-10-20
2021102003013019,NTC,1,45,10,1050.0,10500.0,2021-10-20
2021102001009915,KBL,29,49,84,282.0,23688.0,2021-10-20
2021102003013018,RLFL,37,48,200,491.0,98200.0,2021-10-20
2021102001009914,EBL,48,16,11,707.0,7777.0,2021-10-20
2021102001009913,CBL,34,29,10,235.0,2350.0,2021-10-20
2021102003013017,CBBL,D01,29,318,1669.0,530742.0,2021-10-20
2021102003013016,CBBL,D01,51,415,1669.0,692635.0,2021-10-20
2021102003013015,CBBL,D01,32,200,1665.0,333000.0,2021-10-20
2021102004010181,NHPC,53,52,135,366.6,49491.0,2021-10-20
2021102004010180,NHPC,56,52,268,367.0,98356.0,2021-10-20
2021102005001257,JBLB,38,57,10,4333.0,43330.0,2021-10-20
2021102005001256,JBLB,47,57,10,4333.1,43331.0,2021-10-20
2021102003013014,NRN,19,45,100,590.0,59000.0,2021-10-20
2021102003013013,NRN,19,52,40,589.0,23560.0,2021-10-20
2021102003013012,NRN,19,52,50,589.0,29450.0,2021-10-20
2021102003013011,NRN,19,57,10,588.0,5880.0,2021-10-20
2021102004010179,AHPC,41,43,25,387.0,9675.0,2021-10-20
2021102001009912,PCBL,38,43,445,464.9,206880.5,2021-10-20
2021102001009911,PCBL,38,57,30,464.9,13947.0,2021-10-20
2021102004010178,RRHP,58,40,10,500.0,5000.0,2021-10-20
2021102003013010,NLIC,39,42,86,1623.0,139578.0,2021-10-20
2021102004010177,RHPC,17,4,300,625.0,187500.0,2021-10-20
2021102004010176,RHPC,17,58,200,624.0,124800.0,2021-10-20
2021102001009910,NABIL,36,26,50,1459.0,72950.0,2021-10-20
2021102004010175,SHEL,36,38,10,396.0,3960.0,2021-10-20
2021102005001255,JBLB,38,59,10,4340.0,43400.0,2021-10-20
2021102004010174,SHPC,4,26,100,368.0,36800.0,2021-10-20
2021102003013009,SHINE,4,59,10,447.0,4470.0,2021-10-20
2021102003013008,ICFC,39,42,100,642.9,64290.0,2021-10-20
2021102003013007,NFS,49,34,100,499.0,49900.0,2021-10-20
2021102001009909,SBL,45,17,10,451.0,4510.0,2021-10-20
2021102003013006,JFL,45,44,50,570.0,28500.0,2021-10-20
2021102004010173,PPCL,34,49,30,370.0,11100.0,2021-10-20
2021102003013005,ICFC,58,42,10,642.9,6429.0,2021-10-20
2021102004010172,UMHL,58,32,100,398.0,39800.0,2021-10-20
2021102003013004,SADBL,13,48,50,378.0,18900.0,2021-10-20
2021102004010171,NIL,32,52,84,1224.0,102816.0,2021-10-20
2021102004010170,NIL,49,52,16,1224.0,19584.0,2021-10-20
2021102001009908,NBL,6,8,20,464.0,9280.0,2021-10-20
2021102001009907,NBL,6,40,10,462.9,4629.0,2021-10-20
2021102004010169,HGI,58,41,100,625.0,62500.0,2021-10-20
2021102003013003,RLFL,37,29,1100,491.0,540100.0,2021-10-20
2021102001009906,SBL,46,17,20,451.0,9020.0,2021-10-20
2021102001009905,SANIMA,57,57,50,494.0,24700.0,2021-10-20
2021102004010168,UMHL,44,32,200,398.0,79600.0,2021-10-20
2021102001009904,NABIL,43,45,20,1459.0,29180.0,2021-10-20
2021102001009903,NABIL,43,48,15,1459.0,21885.0,2021-10-20
2021102003013002,PFL,58,6,200,551.0,110200.0,2021-10-20
2021102001009902,NBL,42,40,20,462.9,9258.0,2021-10-20
2021102003013001,GUFL,28,8,10,831.0,8310.0,2021-10-20
2021102003013000,LICN,25,58,65,1919.5,124767.5,2021-10-20
2021102003012999,LICN,25,55,50,1917.5,95875.0,2021-10-20
2021102003012998,LICN,25,56,25,1916.0,47900.0,2021-10-20
2021102003012997,SLBSL,40,16,10,1245.0,12450.0,2021-10-20
2021102003012996,SLBSL,40,57,10,1237.0,12370.0,2021-10-20
2021102005001254,JBLB,1,34,20,4348.0,86960.0,2021-10-20
2021102004010167,RRHP,58,53,470,491.0,230770.0,2021-10-20
2021102003012995,MERO,26,48,10,1379.0,13790.0,2021-10-20
2021102001009901,GBIME,7,37,171,379.0,64809.0,2021-10-20
2021102001009900,GBIME,14,37,200,379.0,75800.0,2021-10-20
2021102001009899,GBIME,39,37,260,379.0,98540.0,2021-10-20
2021102001009898,GBIME,42,37,69,379.0,26151.0,2021-10-20
2021102003012994,JSLBB,20,44,10,3230.0,32300.0,2021-10-20
2021102003012993,GBBL,56,57,70,543.0,38010.0,2021-10-20
2021102003012992,GBBL,56,32,330,543.0,179190.0,2021-10-20
2021102003012991,NLIC,42,50,99,1625.1,160884.9,2021-10-20
2021102001009897,NCCB,16,33,225,286.0,64350.0,2021-10-20
2021102001009896,NCCB,57,33,25,286.1,7152.5,2021-10-20
2021102004010166,HDHPC,53,57,100,285.1,28510.0,2021-10-20
2021102003012990,NICLBSL,57,3,10,1084.0,10840.0,2021-10-20
2021102004010165,SHPC,57,26,100,368.0,36800.0,2021-10-20
2021102001009894,BNT,43,8,50,10050.0,502500.0,2021-10-20
2021102001009893,NBL,21,40,20,462.9,9258.0,2021-10-20
2021102004010164,NHPC,56,38,100,367.0,36700.0,2021-10-20
2021102005001253,JBLB,58,34,30,4348.0,130440.0,2021-10-20
2021102005001252,JBLB,58,45,20,4347.0,86940.0,2021-10-20
2021102005001251,JBLB,58,35,10,4346.0,43460.0,2021-10-20
2021102005001250,JBLB,58,58,10,4346.0,43460.0,2021-10-20
2021102005001249,JBLB,58,58,10,4345.0,43450.0,2021-10-20
2021102005001248,JBLB,58,50,20,4340.0,86800.0,2021-10-20
2021102003012988,NIFRA,25,8,100,342.5,34250.0,2021-10-20
2021102003012987,GFCL,36,52,180,642.8,115704.0,2021-10-20
2021102003012986,GFCL,36,5,30,642.8,19284.0,2021-10-20
2021102003012985,ALBSL,22,14,11,1662.0,18282.0,2021-10-20
2021102003012984,ALBSL,49,14,100,1662.0,166200.0,2021-10-20
2021102003012983,ALBSL,45,14,88,1662.0,146256.0,2021-10-20
2021102003012982,ALBSL,49,14,100,1663.0,166300.0,2021-10-20
2021102003012981,ALBSL,56,14,76,1663.0,126388.0,2021-10-20
2021102003012980,ALBSL,57,14,30,1665.0,49950.0,2021-10-20
2021102003012979,ALBSL,51,14,10,1665.0,16650.0,2021-10-20
2021102003012978,ALBSL,44,14,20,1670.0,33400.0,2021-10-20
2021102003012977,ALBSL,45,14,15,1671.0,25065.0,2021-10-20
2021102003012976,ALBSL,28,14,50,1678.0,83900.0,2021-10-20
2021102001009895,EICPO,34,43,10,358.0,3580.0,2021-10-20
2021102003012989,GBBL,58,43,100,542.6,54260.0,2021-10-20
2021102005001247,SLI,26,3,10,520.0,5200.0,2021-10-20
2021102003012975,CFCL,44,20,130,472.9,61477.0,2021-10-20
2021102003012974,GUFL,33,8,400,831.0,332400.0,2021-10-20
2021102003012973,GUFL,33,54,100,831.0,83100.0,2021-10-20
2021102003012972,GBLBS,42,11,10,961.1,9611.0,2021-10-20
2021102003012971,MLBL,45,57,40,578.0,23120.0,2021-10-20
2021102004010163,UNHPL,49,45,39,306.0,11934.0,2021-10-20
2021102003012970,SABSL,45,33,10,1960.0,19600.0,2021-10-20
2021102004010162,RURU,14,14,10,936.9,9369.0,2021-10-20
2021102004010161,RURU,59,14,150,950.0,142500.0,2021-10-20
2021102004010160,RURU,17,14,100,950.0,95000.0,2021-10-20
2021102004010159,RURU,4,14,10,956.0,9560.0,2021-10-20
2021102001009892,MBL,22,34,100,371.7,37170.0,2021-10-20
2021102003012969,MFIL,55,7,100,1058.0,105800.0,2021-10-20
2021102003012968,RMDC,49,32,30,1419.9,42597.0,2021-10-20
2021102003012967,RMDC,49,13,30,1419.0,42570.0,2021-10-20
2021102004010158,GHL,49,50,10,311.9,3119.0,2021-10-20
2021102003012966,RMDC,49,38,30,1418.0,42540.0,2021-10-20
2021102004010157,TRH,1,49,10,350.0,3500.0,2021-10-20
2021102001009891,NICA,49,14,11,802.0,8822.0,2021-10-20
2021102004010156,KPCL,35,38,10,518.0,5180.0,2021-10-20
2021102001009890,NBL,16,40,150,462.9,69435.0,2021-10-20
2021102001009889,SANIMA,47,36,174,494.0,85956.0,2021-10-20
2021102004010155,RRHP,58,58,500,491.0,245500.0,2021-10-20
2021102003012965,FOWAD,10,58,72,2691.1,193759.2,2021-10-20
2021102004010154,SHPC,13,42,50,367.7,18385.0,2021-10-20
2021102003012964,NICLBSL,13,21,10,1084.0,10840.0,2021-10-20
2021102003012963,NFS,32,26,10,501.0,5010.0,2021-10-20
2021102004010153,AHPC,54,17,15,389.0,5835.0,2021-10-20
2021102001009888,NABIL,1,48,10,1459.0,14590.0,2021-10-20
2021102004010152,BARUN,47,29,500,370.1,185050.0,2021-10-20
2021102004010151,BARUN,53,29,300,371.0,111300.0,2021-10-20
2021102004010150,BARUN,41,29,30,373.0,11190.0,2021-10-20
2021102004010149,BARUN,45,29,10,373.0,3730.0,2021-10-20
2021102004010148,BARUN,51,29,55,374.0,20570.0,2021-10-20
2021102004010147,BARUN,34,29,45,375.0,16875.0,2021-10-20
2021102003012962,GUFL,28,8,100,830.9,83090.0,2021-10-20
2021102004010146,SPDL,37,34,500,380.0,190000.0,2021-10-20
2021102001009887,MBL,26,50,800,371.0,296800.0,2021-10-20
2021102001009886,MBL,41,50,200,371.5,74300.0,2021-10-20
2021102003012961,KSBBL,45,57,20,660.0,13200.0,2021-10-20
2021102003012960,NICLBSL,41,21,200,1084.0,216800.0,2021-10-20
2021102004010145,AHPC,47,17,270,389.0,105030.0,2021-10-20
2021102004010144,AHPC,47,41,40,389.0,15560.0,2021-10-20
2021102003012959,SABSL,47,33,200,1960.0,392000.0,2021-10-20
2021102003012958,MLBL,35,43,100,577.0,57700.0,2021-10-20
2021102003012957,PFL,38,6,200,551.0,110200.0,2021-10-20
2021102004010143,NICL,19,56,50,761.3,38065.0,2021-10-20
2021102004010142,GIMES1,51,7,341,20.8,7092.8,2021-10-20
2021102004010141,GIMES1,51,49,659,20.8,13707.2,2021-10-20
2021102003012956,ICFC,51,42,400,642.9,257160.0,2021-10-20
2021102003012955,SADBL,32,32,250,378.0,94500.0,2021-10-20
2021102004010140,NHPC,56,41,45,367.0,16515.0,2021-10-20
2021102003012954,LLBS,36,32,11,1759.0,19349.0,2021-10-20
2021102001009885,NBL,22,40,100,463.0,46300.0,2021-10-20
2021102004010139,MEN,5,49,10,1110.0,11100.0,2021-10-20
2021102004010138,MEN,5,8,10,1110.0,11100.0,2021-10-20
2021102004010137,MEN,5,41,10,1110.0,11100.0,2021-10-20
2021102004010136,MEN,5,26,300,1110.0,333000.0,2021-10-20
2021102004010135,MEN,5,47,10,1110.0,11100.0,2021-10-20
2021102004010134,MEN,5,47,10,1110.0,11100.0,2021-10-20
2021102004010133,MEN,5,13,10,1110.0,11100.0,2021-10-20
2021102004010132,MEN,5,48,10,1110.0,11100.0,2021-10-20
2021102004010131,MEN,5,11,130,1110.0,144300.0,2021-10-20
2021102004010130,MEN,5,40,10,1109.0,11090.0,2021-10-20
2021102004010129,MEN,5,46,10,1109.0,11090.0,2021-10-20
2021102004010128,MEN,5,53,130,1105.0,143650.0,2021-10-20
2021102004010127,MEN,5,20,100,1105.0,110500.0,2021-10-20
2021102004010126,MEN,5,14,90,1104.0,99360.0,2021-10-20
2021102004010125,MEN,5,47,60,1103.0,66180.0,2021-10-20
2021102003012953,NUBL,3,8,30,1410.0,42300.0,2021-10-20
2021102003012952,MERO,48,20,186,1410.0,262260.0,2021-10-20
2021102003012951,MERO,48,52,16,1410.0,22560.0,2021-10-20
2021102003012950,MERO,48,45,100,1410.0,141000.0,2021-10-20
2021102003012949,MERO,48,57,100,1407.7,140770.0,2021-10-20
2021102003012948,MERO,48,57,200,1407.6,281520.0,2021-10-20
2021102003012947,MERO,48,25,200,1407.6,281520.0,2021-10-20
2021102003012946,MERO,48,26,33,1407.0,46431.0,2021-10-20
2021102003012945,MERO,48,54,800,1407.0,1125600.0,2021-10-20
2021102003012944,MERO,48,1,100,1406.0,140600.0,2021-10-20
2021102003012943,MERO,48,51,75,1405.0,105375.0,2021-10-20
2021102003012942,MERO,48,6,200,1405.0,281000.0,2021-10-20
2021102003012941,MERO,48,26,200,1400.0,280000.0,2021-10-20
2021102003012940,MERO,48,59,200,1400.0,280000.0,2021-10-20
2021102003012939,MERO,48,56,20,1400.0,28000.0,2021-10-20
2021102003012938,MERO,48,35,10,1400.0,14000.0,2021-10-20
2021102003012937,MERO,48,21,450,1399.9,629955.0,2021-10-20
2021102003012936,MERO,48,55,50,1395.0,69750.0,2021-10-20
2021102003012935,MERO,48,55,50,1385.0,69250.0,2021-10-20
2021102003012934,MERO,48,19,60,1384.9,83094.0,2021-10-20
2021102003012933,MERO,48,38,900,1384.9,1246410.0,2021-10-20
2021102003012932,MERO,48,45,50,1379.9,68995.0,2021-10-20
2021102003012931,NUBL,49,39,95,1408.0,133760.0,2021-10-20
2021102003012930,RSDC,34,57,17,830.0,14110.0,2021-10-20
2021102003012929,RSDC,34,33,29,830.0,24070.0,2021-10-20
2021102003012928,RSDC,34,17,10,830.0,8300.0,2021-10-20
2021102003012927,RSDC,34,51,307,830.0,254810.0,2021-10-20
2021102003012926,RSDC,34,57,107,828.0,88596.0,2021-10-20
2021102003012925,RSDC,34,44,50,828.0,41400.0,2021-10-20
2021102003012924,RSDC,34,52,30,827.0,24810.0,2021-10-20
2021102003012923,RSDC,34,16,60,825.0,49500.0,2021-10-20
2021102003012922,RSDC,34,57,90,825.0,74250.0,2021-10-20
2021102004010124,MHNL,56,35,50,343.0,17150.0,2021-10-20
2021102003012921,JFL,35,44,100,570.0,57000.0,2021-10-20
2021102003012920,NUBL,21,8,200,1410.0,282000.0,2021-10-20
2021102004010123,BARUN,34,58,15,375.0,5625.0,2021-10-20
2021102003012919,KSBBL,10,58,50,659.1,32955.0,2021-10-20
2021102004010122,BARUN,37,58,35,375.0,13125.0,2021-10-20
2021102004010121,HPPL,58,42,200,405.0,81000.0,2021-10-20
2021102001009884,NMB,14,48,170,398.0,67660.0,2021-10-20
2021102001009883,NMB,14,29,50,398.0,19900.0,2021-10-20
2021102001009882,NMB,14,13,280,397.5,111300.0,2021-10-20
2021102003012918,SMB,14,51,10,2550.0,25500.0,2021-10-20
2021102003012917,NIFRA,49,29,150,342.0,51300.0,2021-10-20
2021102003012916,GBLBS,34,6,257,965.0,248005.0,2021-10-20
2021102003012915,GBLBS,34,44,43,963.0,41409.0,2021-10-20
2021102003012914,GBLBS,34,4,200,961.0,192200.0,2021-10-20
2021102004010120,GIC,34,46,10,544.9,5449.0,2021-10-20
2021102003012913,SAPDBL,19,20,80,341.4,27312.0,2021-10-20
2021102004010119,JOSHI,47,39,100,299.6,29960.0,2021-10-20
2021102003012912,NLICL,38,7,27,928.0,25056.0,2021-10-20
2021102003012911,NLICL,38,35,50,928.0,46400.0,2021-10-20
2021102003012910,NLICL,38,53,25,926.0,23150.0,2021-10-20
2021102003012909,NLICL,38,44,20,925.0,18500.0,2021-10-20
2021102003012908,NLICL,38,57,50,924.9,46245.0,2021-10-20
2021102003012907,NLICL,38,40,20,924.9,18498.0,2021-10-20
2021102003012906,NLICL,38,6,200,924.0,184800.0,2021-10-20
2021102001009881,NABIL,58,48,25,1459.0,36475.0,2021-10-20
2021102001009880,NABIL,16,42,10,1458.0,14580.0,2021-10-20
2021102003012905,MFIL,28,7,300,1058.0,317400.0,2021-10-20
2021102004010118,AKPL,25,53,90,460.9,41481.0,2021-10-20
2021102004010117,RRHP,58,6,10,491.0,4910.0,2021-10-20
2021102003012904,HIDCL,14,36,63,296.0,18648.0,2021-10-20
2021102003012903,HIDCL,29,36,50,296.0,14800.0,2021-10-20
2021102003012902,HIDCL,6,36,119,296.0,35224.0,2021-10-20
2021102003012901,NLICL,38,55,20,920.0,18400.0,2021-10-20
2021102003012900,NFS,45,37,40,499.9,19996.0,2021-10-20
2021102004010116,CHCL,10,16,15,570.0,8550.0,2021-10-20
2021102004010115,CHCL,10,18,35,569.0,19915.0,2021-10-20
2021102003012899,NLBBL,48,42,10,1360.0,13600.0,2021-10-20
2021102003012898,LBBL,50,16,10,482.0,4820.0,2021-10-20
2021102004010114,LEC,22,17,90,308.0,27720.0,2021-10-20
2021102004010113,LEC,34,17,10,309.0,3090.0,2021-10-20
2021102003012897,SMFDB,21,22,10,1345.0,13450.0,2021-10-20
2021102003012896,MLBSL,57,21,10,4950.0,49500.0,2021-10-20
2021102003012895,MLBSL,57,38,10,4950.0,49500.0,2021-10-20
2021102001009879,PRVU,5,7,30,378.9,11367.0,2021-10-20
2021102004010112,KEF,38,35,175,9.6,1680.0,2021-10-20
2021102004010111,SIL,3,58,78,821.0,64038.0,2021-10-20
2021102003012894,PROFL,21,32,15,370.0,5550.0,2021-10-20
2021102004010110,SIL,32,58,22,821.0,18062.0,2021-10-20
2021102004010109,IGI,42,58,2762,970.0,2679140.0,2021-10-20
2021102004010108,IGI,45,58,200,970.0,194000.0,2021-10-20
2021102004010107,IGI,20,58,50,970.0,48500.0,2021-10-20
2021102004010106,IGI,58,58,10,970.0,9700.0,2021-10-20
2021102004010105,IGI,10,58,50,971.0,48550.0,2021-10-20
2021102004010104,IGI,21,58,50,971.0,48550.0,2021-10-20
2021102004010103,IGI,32,58,63,971.0,61173.0,2021-10-20
2021102004010102,IGI,44,58,3800,971.0,3689800.0,2021-10-20
2021102004010101,IGI,59,58,100,971.1,97110.0,2021-10-20
2021102004010100,IGI,11,58,50,972.0,48600.0,2021-10-20
2021102004010099,IGI,10,58,25,972.0,24300.0,2021-10-20
2021102004010098,IGI,58,58,11,972.0,10692.0,2021-10-20
2021102004010097,IGI,55,58,1500,973.0,1459500.0,2021-10-20
2021102004010096,IGI,20,58,50,975.0,48750.0,2021-10-20
2021102004010095,IGI,53,58,10,975.0,9750.0,2021-10-20
2021102004010094,IGI,22,58,150,975.0,146250.0,2021-10-20
2021102004010093,IGI,22,58,20,975.0,19500.0,2021-10-20
2021102004010092,IGI,45,58,44,975.0,42900.0,2021-10-20
2021102004010091,IGI,55,58,10,976.0,9760.0,2021-10-20
2021102004010090,IGI,39,58,200,980.0,196000.0,2021-10-20
2021102004010089,IGI,38,58,30,980.0,29400.0,2021-10-20
2021102004010088,IGI,26,58,140,980.0,137200.0,2021-10-20
2021102004010087,IGI,46,58,100,980.0,98000.0,2021-10-20
2021102004010086,IGI,25,58,15,980.0,14700.0,2021-10-20
2021102004010085,IGI,44,58,10,981.0,9810.0,2021-10-20
2021102004010084,RRHP,58,26,500,488.0,244000.0,2021-10-20
2021102004010083,RRHP,58,20,720,483.4,348048.0,2021-10-20
2021102004010082,RRHP,58,51,30,483.4,14502.0,2021-10-20
2021102004010081,RRHP,58,48,200,483.3,96660.0,2021-10-20
2021102004010080,RRHP,58,43,200,483.3,96660.0,2021-10-20
2021102004010079,RRHP,58,14,50,483.0,24150.0,2021-10-20
2021102004010078,RRHP,58,34,52,483.0,25116.0,2021-10-20
2021102004010077,RRHP,58,57,100,483.0,48300.0,2021-10-20
2021102004010076,RRHP,58,14,30,482.0,14460.0,2021-10-20
2021102004010075,RRHP,58,25,190,482.0,91580.0,2021-10-20
2021102004010074,RRHP,58,35,1000,482.0,482000.0,2021-10-20
2021102004010073,RRHP,58,50,663,481.4,319168.2,2021-10-20
2021102003012893,ICFC,42,42,14,642.9,9000.6,2021-10-20
2021102003012892,GUFL,28,14,50,828.2,41410.0,2021-10-20
2021102003012891,GUFL,28,37,100,828.0,82800.0,2021-10-20
2021102003012890,GUFL,28,11,150,828.0,124200.0,2021-10-20
2021102001009878,GBIME,32,34,50,379.1,18955.0,2021-10-20
2021102004010072,SPDL,17,34,50,380.0,19000.0,2021-10-20
2021102004010071,NGPL,41,28,100,590.0,59000.0,2021-10-20
2021102003012889,NRN,5,57,10,588.0,5880.0,2021-10-20
2021102001009877,SHIVM,36,59,231,1244.6,287502.6,2021-10-20
2021102001009876,SHIVM,21,59,30,1245.0,37350.0,2021-10-20
2021102001009875,SHIVM,58,59,50,1245.0,62250.0,2021-10-20
2021102001009874,SHIVM,57,59,10,1245.0,12450.0,2021-10-20
2021102001009873,SHIVM,19,59,100,1250.0,125000.0,2021-10-20
2021102001009872,SHIVM,14,59,11,1256.3,13819.3,2021-10-20
2021102003012888,GMFIL,8,34,69,462.0,31878.0,2021-10-20
2021102003012887,ICFC,52,42,10,642.9,6429.0,2021-10-20
2021102004010070,HDHPC,57,28,408,288.8,117830.4,2021-10-20
2021102004010069,HDHPC,57,19,15,288.7,4330.5,2021-10-20
2021102004010068,HDHPC,57,7,10,288.7,2887.0,2021-10-20
2021102004010067,HDHPC,57,8,50,288.7,14435.0,2021-10-20
2021102001009871,NMB,26,49,25,397.2,9930.0,2021-10-20
2021102003012886,RLFL,37,44,305,491.0,149755.0,2021-10-20
2021102003012885,RLFL,48,44,20,492.0,9840.0,2021-10-20
2021102004010066,UNHPL,44,16,100,306.9,30690.0,2021-10-20
2021102003012884,RLFL,34,44,25,492.2,12305.0,2021-10-20
2021102003012883,GUFL,43,59,100,826.0,82600.0,2021-10-20
2021102003012882,BFC,44,47,300,411.0,123300.0,2021-10-20
2021102003012881,SLBBL,6,38,22,1500.0,33000.0,2021-10-20
2021102003012880,SLBBL,58,38,30,1500.0,45000.0,2021-10-20
2021102001009870,NBL,34,58,57,462.9,26385.3,2021-10-20
2021102001009869,NBL,1,58,40,463.0,18520.0,2021-10-20
2021102001009868,CBL,32,29,17,235.0,3995.0,2021-10-20
2021102001009867,CBL,32,33,1953,235.0,458955.0,2021-10-20
2021102001009866,CBL,32,34,30,234.5,7035.0,2021-10-20
2021102003012879,EDBL,14,44,50,534.7,26735.0,2021-10-20
2021102003012878,SINDU,48,38,900,410.0,369000.0,2021-10-20
2021102001009865,CBL,34,34,50,234.5,11725.0,2021-10-20
2021102001009864,MEGA,45,37,14,312.0,4368.0,2021-10-20
2021102001009863,MEGA,45,45,11,312.0,3432.0,2021-10-20
2021102001009862,MEGA,45,6,25,311.9,7797.5,2021-10-20
2021102001009861,MEGA,45,13,50,311.8,15590.0,2021-10-20
2021102004010065,PPCL,34,14,20,370.0,7400.0,2021-10-20
2021102001009860,NBB,35,19,50,390.3,19515.0,2021-10-20
2021102001009859,NBB,3,19,90,390.4,35136.0,2021-10-20
2021102003012877,NLIC,56,29,40,1622.0,64880.0,2021-10-20
2021102003012876,NLIC,28,29,100,1622.0,162200.0,2021-10-20
2021102003012875,FMDBL,20,48,100,871.0,87100.0,2021-10-20
2021102003012874,FMDBL,13,48,100,871.0,87100.0,2021-10-20
2021102003012873,SLICL,14,28,200,762.0,152400.0,2021-10-20
2021102001009858,HDL,51,55,10,6688.0,66880.0,2021-10-20
2021102001009857,NMB,26,1,50,397.1,19855.0,2021-10-20
2021102004010064,AHPC,47,41,60,389.0,23340.0,2021-10-20
2021102004010063,AHPC,47,45,38,388.0,14744.0,2021-10-20
2021102004010062,AHPC,47,45,50,388.0,19400.0,2021-10-20
2021102004010061,AHPC,47,38,100,388.0,38800.0,2021-10-20
2021102004010060,AHPC,47,6,100,388.0,38800.0,2021-10-20
2021102004010059,AHPC,47,5,652,388.0,252976.0,2021-10-20
2021102004010058,API,58,38,1239,412.0,510468.0,2021-10-20
2021102004010057,API,25,38,45,413.0,18585.0,2021-10-20
2021102004010056,API,43,38,300,413.9,124170.0,2021-10-20
2021102004010055,API,38,38,166,413.9,68707.4,2021-10-20
2021102004010054,API,19,38,50,414.0,20700.0,2021-10-20
2021102001009856,GBIME,42,6,10,379.0,3790.0,2021-10-20
2021102004010053,SPDL,54,34,100,380.0,38000.0,2021-10-20
2021102003012872,SABSL,34,36,90,1959.0,176310.0,2021-10-20
2021102004010052,NHPC,56,32,20,367.0,7340.0,2021-10-20
2021102004010051,NHPC,56,19,20,367.0,7340.0,2021-10-20
2021102004010050,NHPC,56,7,30,367.0,11010.0,2021-10-20
2021102004010049,NHPC,56,13,17,367.0,6239.0,2021-10-20
2021102004010048,SHEL,45,33,198,390.0,77220.0,2021-10-20
2021102004010047,SHEL,45,45,100,389.9,38990.0,2021-10-20
2021102004010046,SHEL,45,21,300,387.0,116100.0,2021-10-20
2021102001009855,LBL,45,34,50,313.0,15650.0,2021-10-20
2021102003012871,SMB,14,57,12,2539.0,30468.0,2021-10-20
2021102003012870,SMB,52,57,10,2540.0,25400.0,2021-10-20
2021102004010045,UMHL,21,32,600,398.0,238800.0,2021-10-20
2021102003012869,LBBL,58,16,70,482.0,33740.0,2021-10-20
2021102003012868,LBBL,58,14,105,482.0,50610.0,2021-10-20
2021102003012867,JBBL,38,56,50,464.0,23200.0,2021-10-20
2021102004010044,AKPL,49,13,35,460.0,16100.0,2021-10-20
2021102003012866,RSDC,7,57,10,825.0,8250.0,2021-10-20
2021102001009854,CZBIL,40,19,100,299.0,29900.0,2021-10-20
2021102001009853,NCCB,40,51,50,287.0,14350.0,2021-10-20
2021102003012865,SHINE,41,41,100,446.0,44600.0,2021-10-20
2021102004010043,BPCL,D01,26,100,473.0,47300.0,2021-10-20
2021102004010042,UNHPL,49,22,61,306.0,18666.0,2021-10-20
2021102003012864,SMB,14,51,10,2550.0,25500.0,2021-10-20
2021102004010041,UNHPL,28,22,284,306.0,86904.0,2021-10-20
2021102004010040,KKHC,57,58,10,305.0,3050.0,2021-10-20
2021102004010039,RRHP,58,50,172,481.4,82800.8,2021-10-20
2021102004010038,RRHP,58,54,50,481.0,24050.0,2021-10-20
2021102004010037,RRHP,58,45,200,480.0,96000.0,2021-10-20
2021102004010036,RRHP,58,49,500,480.0,240000.0,2021-10-20
2021102004010035,RRHP,58,22,100,480.0,48000.0,2021-10-20
2021102004010034,RRHP,58,43,500,479.9,239950.0,2021-10-20
2021102004010033,RRHP,58,45,200,479.4,95880.0,2021-10-20
2021102004010032,RRHP,58,21,50,479.4,23970.0,2021-10-20
2021102004010031,RRHP,58,28,100,479.0,47900.0,2021-10-20
2021102004010030,RRHP,58,7,55,479.0,26345.0,2021-10-20
2021102004010029,RRHP,58,7,73,479.0,34967.0,2021-10-20
2021102003012863,NIFRA,58,29,20,342.5,6850.0,2021-10-20
2021102003012862,MFIL,58,7,100,1058.0,105800.0,2021-10-20
2021102004010028,UMHL,58,32,10,398.0,3980.0,2021-10-20
2021102005001246,SLI,58,35,10,520.0,5200.0,2021-10-20
2021102003012861,MFIL,58,37,100,1055.7,105570.0,2021-10-20
2021102003012860,PROFL,35,32,20,370.0,7400.0,2021-10-20
2021102003012859,NRIC,35,45,10,1235.0,12350.0,2021-10-20
2021102001009852,CBL,42,34,20,234.5,4690.0,2021-10-20
2021102001009851,SANIMA,18,13,370,493.9,182743.0,2021-10-20
2021102003012858,ILBS,14,3,14,1614.1,22597.4,2021-10-20
2021102003012857,ILBS,45,3,20,1615.0,32300.0,2021-10-20
2021102003012856,ILBS,14,3,40,1620.0,64800.0,2021-10-20
2021102003012855,ILBS,36,3,16,1620.0,25920.0,2021-10-20
2021102003012854,ILBS,52,3,110,1621.0,178310.0,2021-10-20
2021102003012853,SDLBSL,34,34,27,1400.1,37802.7,2021-10-20
2021102004010027,AHPC,41,33,100,387.0,38700.0,2021-10-20
2021102003012852,JBBL,49,29,41,465.0,19065.0,2021-10-20
2021102003012851,JBBL,49,49,160,465.0,74400.0,2021-10-20
2021102003012850,JBBL,49,57,50,465.0,23250.0,2021-10-20
2021102003012849,JBBL,49,56,70,465.0,32550.0,2021-10-20
2021102003012848,JBBL,49,16,75,465.0,34875.0,2021-10-20
2021102003012847,JBBL,49,56,50,465.0,23250.0,2021-10-20
2021102003012846,JBBL,49,16,3000,465.0,1395000.0,2021-10-20
2021102003012845,JBBL,49,19,60,465.0,27900.0,2021-10-20
2021102003012844,JBBL,49,51,25,465.0,11625.0,2021-10-20
2021102003012843,JBBL,49,38,179,465.0,83235.0,2021-10-20
2021102004010026,NHDL,49,41,10,412.0,4120.0,2021-10-20
2021102001009850,PRVU,38,7,50,378.9,18945.0,2021-10-20
2021102004010025,SICL,58,49,40,1659.0,66360.0,2021-10-20
2021102001009849,NBL,34,6,51,462.9,23607.9,2021-10-20
2021102003012842,PFL,58,6,425,553.0,235025.0,2021-10-20
2021102001009848,NBL,49,6,60,462.9,27774.0,2021-10-20
2021102003012841,PFL,38,6,20,553.0,11060.0,2021-10-20
2021102001009847,NBL,55,6,19,463.0,8797.0,2021-10-20
2021102001009846,KBL,29,13,16,281.0,4496.0,2021-10-20
2021102001009845,KBL,58,13,100,281.0,28100.0,2021-10-20
2021102001009844,KBL,54,13,35,281.0,9835.0,2021-10-20
2021102001009843,KBL,58,13,33,281.0,9273.0,2021-10-20
2021102001009842,KBL,34,13,16,281.0,4496.0,2021-10-20
2021102001009841,NBL,55,29,15,463.0,6945.0,2021-10-20
2021102001009840,NBL,55,42,66,463.0,30558.0,2021-10-20
2021102004010024,NHPC,26,13,200,367.0,73400.0,2021-10-20
2021102003012840,JFL,21,44,175,570.0,99750.0,2021-10-20
2021102003012839,JFL,21,44,25,570.0,14250.0,2021-10-20
2021102003012838,JFL,34,44,120,570.0,68400.0,2021-10-20
2021102001009839,CCBL,50,33,20,232.0,4640.0,2021-10-20
2021102001009838,CCBL,50,45,170,232.0,39440.0,2021-10-20
2021102003012837,BFC,50,41,147,413.0,60711.0,2021-10-20
2021102001009837,NABIL,57,48,20,1459.0,29180.0,2021-10-20
2021102004010023,AKPL,49,55,750,460.0,345000.0,2021-10-20
2021102004010022,AKPL,49,32,200,460.0,92000.0,2021-10-20
2021102004010021,AKPL,49,55,400,460.0,184000.0,2021-10-20
2021102004010020,AKPL,49,42,110,460.0,50600.0,2021-10-20
2021102004010019,AKPL,49,16,1013,460.0,465980.0,2021-10-20
2021102004010018,AKPL,49,1,285,459.9,131071.5,2021-10-20
2021102004010017,AHPC,47,5,348,388.0,135024.0,2021-10-20
2021102004010016,AHPC,47,43,50,387.6,19380.0,2021-10-20
2021102004010015,AHPC,47,26,242,387.6,93799.2,2021-10-20
2021102004010014,AHPC,47,4,200,387.6,77520.0,2021-10-20
2021102004010013,AHPC,47,58,10,387.6,3876.0,2021-10-20
2021102004010012,AHPC,47,4,100,387.5,38750.0,2021-10-20
2021102004010011,AHPC,47,20,50,387.4,19370.0,2021-10-20
2021102004010010,HDHPC,57,38,70,288.6,20202.0,2021-10-20
2021102003012836,NLIC,35,42,13,1623.0,21099.0,2021-10-20
2021102003012835,NLICL,38,51,100,920.0,92000.0,2021-10-20
2021102004010009,RADHI,28,49,300,528.0,158400.0,2021-10-20
2021102004010008,RADHI,28,8,11,528.0,5808.0,2021-10-20
2021102003012834,ALICL,34,45,11,1129.0,12419.0,2021-10-20
2021102003012833,ALICL,34,28,200,1117.0,223400.0,2021-10-20
2021102003012832,ALICL,34,45,92,1114.0,102488.0,2021-10-20
2021102004010007,CHCL,53,45,1162,565.0,656530.0,2021-10-20
2021102004010006,CHCL,35,45,118,566.0,66788.0,2021-10-20
2021102004010005,CHCL,26,45,120,566.0,67920.0,2021-10-20
2021102005001245,ULI,43,29,10,570.0,5700.0,2021-10-20
2021102004010004,RHPC,33,44,70,621.0,43470.0,2021-10-20
2021102004010003,RHPC,21,44,200,621.0,124200.0,2021-10-20
2021102004010002,RHPC,39,44,500,621.0,310500.0,2021-10-20
2021102004010001,RHPC,32,44,200,621.1,124220.0,2021-10-20
2021102003012831,CIT,13,38,30,3270.0,98100.0,2021-10-20
2021102003012830,CIT,49,38,30,3281.0,98430.0,2021-10-20
2021102004010000,API,58,34,785,414.9,325696.5,2021-10-20
2021102004009999,API,58,52,100,414.5,41450.0,2021-10-20
2021102004009998,API,58,53,615,414.0,254610.0,2021-10-20
2021102001009836,NBL,49,56,100,462.9,46290.0,2021-10-20
2021102004009997,NHPC,7,13,83,367.0,30461.0,2021-10-20
2021102004009996,NHPC,7,41,30,367.0,11010.0,2021-10-20
2021102004009995,NHPC,7,37,1000,367.0,367000.0,2021-10-20
2021102004009994,NHPC,7,35,250,367.0,91750.0,2021-10-20
2021102004009993,NHPC,7,25,100,367.0,36700.0,2021-10-20
2021102004009992,NHPC,7,6,792,367.0,290664.0,2021-10-20
2021102004009991,NHPC,7,35,100,367.0,36700.0,2021-10-20
2021102004009990,NHPC,7,45,15,367.0,5505.0,2021-10-20
2021102004009989,NHPC,7,44,100,367.0,36700.0,2021-10-20
2021102004009988,NHPC,7,16,300,367.0,110100.0,2021-10-20
2021102004009987,NHPC,7,42,50,367.0,18350.0,2021-10-20
2021102004009986,NHPC,7,42,200,367.0,73400.0,2021-10-20
2021102004009985,NHPC,7,8,180,367.0,66060.0,2021-10-20
2021102004009984,NHPC,7,11,100,366.9,36690.0,2021-10-20
2021102004009983,GIC,7,40,10,543.0,5430.0,2021-10-20
2021102004009982,UMHL,42,32,983,398.0,391234.0,2021-10-20
2021102001009835,NICA,54,14,100,802.0,80200.0,2021-10-20
2021102001009834,MEGA,26,41,75,310.0,23250.0,2021-10-20
2021102004009981,AHPC,41,49,78,386.9,30178.2,2021-10-20
2021102004009980,AKPL,56,29,90,459.0,41310.0,2021-10-20
2021102003012829,GMFIL,34,39,40,464.0,18560.0,2021-10-20
2021102003012828,GMFIL,34,56,10,464.0,4640.0,2021-10-20
2021102003012827,GMFIL,34,6,200,463.0,92600.0,2021-10-20
2021102003012826,BFC,44,51,30,411.0,12330.0,2021-10-20
2021102003012825,BFC,44,45,20,411.0,8220.0,2021-10-20
2021102001009833,NBL,50,42,50,463.0,23150.0,2021-10-20
2021102004009979,AKPL,28,1,50,459.9,22995.0,2021-10-20
2021102003012824,KSBBL,45,20,100,660.0,66000.0,2021-10-20
2021102003012823,KSBBL,45,14,100,660.0,66000.0,2021-10-20
2021102003012822,NRN,38,45,170,585.8,99586.0,2021-10-20
2021102004009978,SPDL,38,34,50,380.0,19000.0,2021-10-20
2021102004009977,SPDL,38,51,50,380.0,19000.0,2021-10-20
2021102004009976,RRHP,58,7,425,479.0,203575.0,2021-10-20
2021102004009975,RRHP,58,25,500,478.0,239000.0,2021-10-20
2021102004009974,RRHP,58,40,200,478.0,95600.0,2021-10-20
2021102004009973,RRHP,58,53,100,476.0,47600.0,2021-10-20
2021102004009972,RRHP,58,57,100,475.2,47520.0,2021-10-20
2021102004009971,RRHP,58,57,200,475.0,95000.0,2021-10-20
2021102004009970,RRHP,58,41,110,475.0,52250.0,2021-10-20
2021102004009969,RRHP,58,40,200,475.0,95000.0,2021-10-20
2021102004009968,RRHP,58,3,400,475.0,190000.0,2021-10-20
2021102004009967,RRHP,58,52,300,475.0,142500.0,2021-10-20
2021102004009966,RRHP,58,45,100,475.0,47500.0,2021-10-20
2021102004009965,RRHP,58,57,20,475.0,9500.0,2021-10-20
2021102004009964,RRHP,58,22,100,475.0,47500.0,2021-10-20
2021102003012821,MFIL,58,50,92,1058.0,97336.0,2021-10-20
2021102004009963,RRHP,58,6,50,474.0,23700.0,2021-10-20
2021102003012820,MFIL,58,58,153,1055.0,161415.0,2021-10-20
2021102004009962,RRHP,58,6,10,474.0,4740.0,2021-10-20
2021102003012819,MFIL,58,28,20,1055.0,21100.0,2021-10-20
2021102004009961,RRHP,58,49,185,474.0,87690.0,2021-10-20
2021102003012818,MFIL,58,34,35,1055.0,36925.0,2021-10-20
2021102003012817,NUBL,49,13,20,1408.0,28160.0,2021-10-20
2021102001009832,SRBL,7,13,200,303.0,60600.0,2021-10-20
2021102003012816,JSLBB,20,44,10,3230.0,32300.0,2021-10-20
2021102003012815,HIDCL,6,20,881,296.0,260776.0,2021-10-20
2021102003012814,HIDCL,11,20,15,296.0,4440.0,2021-10-20
2021102003012813,HIDCL,42,20,60,296.0,17760.0,2021-10-20
2021102003012812,HIDCL,41,20,50,296.0,14800.0,2021-10-20
2021102003012811,HIDCL,34,20,10,296.0,2960.0,2021-10-20
2021102003012810,HIDCL,34,20,25,296.1,7402.5,2021-10-20
2021102003012809,HIDCL,42,20,590,297.0,175230.0,2021-10-20
2021102003012808,HIDCL,25,20,30,297.0,8910.0,2021-10-20
2021102003012807,HIDCL,50,20,100,297.0,29700.0,2021-10-20
2021102003012806,HIDCL,18,20,1239,297.0,367983.0,2021-10-20
2021102003012805,GLBSL,34,57,10,1570.0,15700.0,2021-10-20
2021102001009831,NBL,D01,42,1884,463.0,872292.0,2021-10-20
2021102001009830,NBL,D01,1,116,463.0,53708.0,2021-10-20
2021102004009960,AHPC,58,49,122,387.0,47214.0,2021-10-20
2021102001009829,SANIMA,21,13,100,493.9,49390.0,2021-10-20
2021102004009959,NICSF,49,38,1000,9.4,9400.0,2021-10-20
2021102004009958,NICSF,49,58,100,9.4,940.0,2021-10-20
2021102003012804,MLBSL,1,51,25,4950.0,123750.0,2021-10-20
2021102003012803,GUFL,28,11,100,823.0,82300.0,2021-10-20
2021102003012802,GUFL,28,59,40,822.0,32880.0,2021-10-20
2021102003012801,GUFL,28,8,100,821.0,82100.0,2021-10-20
2021102003012800,GUFL,28,58,200,821.0,164200.0,2021-10-20
2021102003012799,GUFL,28,45,100,820.0,82000.0,2021-10-20
2021102003012798,GUFL,28,28,690,816.0,563040.0,2021-10-20
2021102004009957,API,38,22,50,413.9,20695.0,2021-10-20
2021102004009956,AHPC,58,11,150,387.0,58050.0,2021-10-20
2021102004009955,NHPC,53,33,20,366.6,7332.0,2021-10-20
2021102003012797,SINDU,49,38,50,410.0,20500.0,2021-10-20
2021102004009954,TRH,58,26,65,353.0,22945.0,2021-10-20
2021102003012796,NICLBSL,58,21,70,1084.0,75880.0,2021-10-20
2021102003012795,NICLBSL,29,21,10,1085.0,10850.0,2021-10-20
2021102003012794,NICLBSL,38,21,10,1085.0,10850.0,2021-10-20
2021102004009953,RHPL,58,43,50,345.2,17260.0,2021-10-20
2021102003012793,SLICL,26,28,15,762.0,11430.0,2021-10-20
2021102003012792,SABSL,50,36,50,1959.0,97950.0,2021-10-20
2021102005001244,SLI,4,11,10,519.0,5190.0,2021-10-20
2021102003012791,GLICL,52,36,50,551.0,27550.0,2021-10-20
2021102001009828,SANIMA,57,13,30,493.9,14817.0,2021-10-20
2021102003012790,SLBSL,33,58,40,1235.2,49408.0,2021-10-20
2021102003012789,SLBSL,11,58,50,1236.0,61800.0,2021-10-20
2021102003012788,LICN,25,58,20,1919.5,38390.0,2021-10-20
2021102003012787,LICN,25,14,100,1917.6,191760.0,2021-10-20
2021102003012786,MDB,14,59,50,579.0,28950.0,2021-10-20
2021102001009827,PRVU,3,3,10,378.5,3785.0,2021-10-20
2021102001009826,PRVU,29,3,70,378.5,26495.0,2021-10-20
2021102001009825,SANIMA,4,47,21,493.0,10353.0,2021-10-20
2021102001009824,SBI,37,3,20,343.7,6874.0,2021-10-20
2021102004009952,NICGF,43,10,2000,11.07,22140.0,2021-10-20
2021102004009951,RRHP,39,49,815,474.0,386310.0,2021-10-20
2021102004009950,RRHP,39,42,90,474.0,42660.0,2021-10-20
2021102004009949,RRHP,39,13,270,473.0,127710.0,2021-10-20
2021102004009948,RRHP,39,7,500,473.0,236500.0,2021-10-20
2021102004009947,RRHP,39,22,100,473.0,47300.0,2021-10-20
2021102004009946,RRHP,39,48,1610,473.0,761530.0,2021-10-20
2021102004009945,RRHP,39,49,2140,472.0,1010080.0,2021-10-20
2021102004009944,RRHP,39,10,50,472.0,23600.0,2021-10-20
2021102004009943,RRHP,39,13,100,472.0,47200.0,2021-10-20
2021102004009942,RRHP,39,34,890,472.0,420080.0,2021-10-20
2021102004009941,RRHP,39,57,70,471.9,33033.0,2021-10-20
2021102004009940,RRHP,39,6,10,471.9,4719.0,2021-10-20
2021102004009939,RRHP,39,34,20,470.0,9400.0,2021-10-20
2021102004009938,RRHP,39,41,40,470.0,18800.0,2021-10-20
2021102004009937,RRHP,39,55,80,470.0,37600.0,2021-10-20
2021102004009936,RRHP,39,57,15,470.0,7050.0,2021-10-20
2021102004009935,RRHP,39,47,200,470.0,94000.0,2021-10-20
2021102004009934,HDHPC,57,8,50,288.6,14430.0,2021-10-20
2021102004009933,HDHPC,57,8,50,288.5,14425.0,2021-10-20
2021102004009932,HDHPC,57,58,150,288.4,43260.0,2021-10-20
2021102003012785,GFCL,57,5,20,642.8,12856.0,2021-10-20
2021102004009931,HDHPC,57,55,50,288.0,14400.0,2021-10-20
2021102003012784,GFCL,57,45,20,642.7,12854.0,2021-10-20
2021102004009930,HDHPC,57,21,200,287.9,57580.0,2021-10-20
2021102003012783,GFCL,57,49,60,642.0,38520.0,2021-10-20
2021102003012782,MLBBL,4,41,50,1911.0,95550.0,2021-10-20
2021102003012781,MLBBL,53,41,10,1919.0,19190.0,2021-10-20
2021102003012780,SFCL,43,45,230,431.0,99130.0,2021-10-20
2021102003012779,JBBL,38,38,21,465.0,9765.0,2021-10-20
2021102003012778,JBBL,38,42,49,464.9,22780.1,2021-10-20
2021102003012777,JBBL,38,35,30,464.0,13920.0,2021-10-20
2021102004009929,UNHPL,28,58,11,306.0,3366.0,2021-10-20
2021102001009823,HDL,56,45,13,6688.0,86944.0,2021-10-20
2021102004009928,SFMF,48,7,100,10.6,1060.0,2021-10-20
2021102003012776,MLBSL,41,43,10,4957.9,49579.0,2021-10-20
2021102004009927,API,42,53,385,414.0,159390.0,2021-10-20
2021102003012775,KSBBL,37,29,200,659.0,131800.0,2021-10-20
2021102001009822,SBL,37,26,20,450.5,9010.0,2021-10-20
2021102001009821,SBL,53,26,250,451.0,112750.0,2021-10-20
2021102001009820,SBL,38,26,100,451.0,45100.0,2021-10-20
2021102001009819,SBL,34,26,20,451.0,9020.0,2021-10-20
2021102003012774,MFIL,28,26,50,1054.0,52700.0,2021-10-20
2021102001009818,SBL,50,26,100,451.0,45100.0,2021-10-20
2021102001009817,SBL,38,26,10,451.1,4511.0,2021-10-20
2021102003012773,MNBBL,42,1,130,665.0,86450.0,2021-10-20
2021102004009926,AHPC,47,20,950,387.4,368030.0,2021-10-20
2021102004009925,AHPC,47,6,25,387.4,9685.0,2021-10-20
2021102004009924,AHPC,47,57,25,387.4,9685.0,2021-10-20
2021102004009923,AHPC,58,57,100,387.0,38700.0,2021-10-20
2021102004009922,AHPC,58,16,10,387.0,3870.0,2021-10-20
2021102004009921,AHPC,58,19,10,387.0,3870.0,2021-10-20
2021102004009920,AHPC,58,56,80,387.0,30960.0,2021-10-20
2021102003012772,PFL,38,32,180,553.0,99540.0,2021-10-20
2021102004009919,AHPC,58,38,500,387.0,193500.0,2021-10-20
2021102003012771,PFL,17,32,20,553.0,11060.0,2021-10-20
2021102004009918,AHPC,58,6,28,387.0,10836.0,2021-10-20
2021102004009917,AKPL,41,1,100,459.9,45990.0,2021-10-20
2021102001009816,NMB,19,1,50,397.1,19855.0,2021-10-20
2021102001009815,NMB,38,1,50,397.2,19860.0,2021-10-20
2021102003012770,NIFRA,38,29,10,342.5,3425.0,2021-10-20
2021102001009814,LBL,44,34,20,313.0,6260.0,2021-10-20
2021102003012769,FMDBL,45,48,50,872.0,43600.0,2021-10-20
2021102004009916,NLG,45,22,20,855.0,17100.0,2021-10-20
2021102004009915,NLG,45,20,40,855.0,34200.0,2021-10-20
2021102003012768,ICFC,49,6,50,643.0,32150.0,2021-10-20
2021102003012767,NUBL,49,49,50,1408.0,70400.0,2021-10-20
2021102003012766,NUBL,49,44,25,1408.0,35200.0,2021-10-20
2021102003012765,NRIC,47,45,200,1235.0,247000.0,2021-10-20
2021102004009914,UPCL,28,58,100,327.8,32780.0,2021-10-20
2021102001009813,HDL,16,47,10,6685.0,66850.0,2021-10-20
2021102004009913,API,42,21,25,414.0,10350.0,2021-10-20
2021102004009912,API,42,29,20,414.0,8280.0,2021-10-20
2021102001009812,GBIME,42,32,21,379.0,7959.0,2021-10-20
2021102001009811,GBIME,26,32,80,379.0,30320.0,2021-10-20
2021102003012764,NTC,17,45,10,1050.0,10500.0,2021-10-20
2021102003012763,NTC,17,14,90,1050.0,94500.0,2021-10-20
2021102004009911,BARUN,53,58,145,378.0,54810.0,2021-10-20
2021102004009910,BARUN,53,1,100,377.0,37700.0,2021-10-20
2021102004009909,BARUN,53,20,255,376.0,95880.0,2021-10-20
2021102004009908,UPPER,14,4,29,576.0,16704.0,2021-10-20
2021102004009907,UPPER,58,4,71,576.0,40896.0,2021-10-20
2021102004009906,UPPER,37,4,80,576.1,46088.0,2021-10-20
2021102004009905,UPPER,35,4,20,576.5,11530.0,2021-10-20
2021102003012762,JBBL,43,59,53,464.0,24592.0,2021-10-20
2021102001009810,ADBL,41,8,100,502.1,50210.0,2021-10-20
2021102004009904,NHDL,34,5,70,410.0,28700.0,2021-10-20
2021102001009809,NABIL,41,48,130,1459.0,189670.0,2021-10-20
2021102004009903,BBC,28,57,10,5198.0,51980.0,2021-10-20
2021102003012761,ALBSL,34,22,10,1683.0,16830.0,2021-10-20
2021102001009808,GBIME,49,34,28,379.1,10614.8,2021-10-20
2021102003012760,MNBBL,42,44,305,665.0,202825.0,2021-10-20
2021102003012759,MNBBL,41,44,40,665.0,26600.0,2021-10-20
2021102003012758,MNBBL,8,44,10,665.0,6650.0,2021-10-20
2021102003012757,MNBBL,51,44,20,665.0,13300.0,2021-10-20
2021102003012756,SFCL,19,45,40,431.0,17240.0,2021-10-20
2021102004009902,BPCL,D01,58,50,473.0,23650.0,2021-10-20
2021102001009807,CBL,42,34,10,234.5,2345.0,2021-10-20
2021102004009901,IGI,35,51,100,980.1,98010.0,2021-10-20
2021102003012755,MLBBL,28,34,145,1922.0,278690.0,2021-10-20
2021102003012754,MLBBL,46,34,14,1925.0,26950.0,2021-10-20
2021102001009806,KBL,34,45,22,281.0,6182.0,2021-10-20
2021102003012753,MLBBL,49,34,10,1925.0,19250.0,2021-10-20
2021102004009900,AHPC,25,48,250,386.0,96500.0,2021-10-20
2021102003012752,MLBL,45,57,400,578.0,231200.0,2021-10-20
2021102004009899,SBCF,21,57,1000,9.44,9440.0,2021-10-20
2021102001009805,SCB,38,41,100,527.0,52700.0,2021-10-20
2021102004009898,SPDL,34,38,50,379.0,18950.0,2021-10-20
2021102004009897,SPDL,54,38,150,380.0,57000.0,2021-10-20
2021102004009896,HPPL,58,14,50,405.0,20250.0,2021-10-20
2021102004009895,HPPL,58,38,100,404.0,40400.0,2021-10-20
2021102004009894,HPPL,58,56,400,404.0,161600.0,2021-10-20
2021102004009893,HPPL,58,37,200,403.8,80760.0,2021-10-20
2021102003012751,CIT,37,38,10,3280.0,32800.0,2021-10-20
2021102004009892,HPPL,58,57,26,401.1,10428.6,2021-10-20
2021102004009891,NIL,49,42,20,1224.0,24480.0,2021-10-20
2021102004009890,GIC,7,51,10,542.9,5429.0,2021-10-20
2021102001009804,SANIMA,34,47,100,493.0,49300.0,2021-10-20
2021102001009803,MKJC,41,32,10,422.4,4224.0,2021-10-20
2021102004009889,SSHL,58,57,100,303.0,30300.0,2021-10-20
2021102004009888,AKPL,58,1,15,459.9,6898.5,2021-10-20
2021102004009887,SHPC,58,49,30,369.0,11070.0,2021-10-20
2021102004009886,SHPC,58,42,170,367.7,62509.0,2021-10-20
2021102004009885,STC,42,17,20,6660.0,133200.0,2021-10-20
2021102001009802,NABIL,13,26,21,1459.9,30657.9,2021-10-20
2021102001009801,NABIL,13,52,19,1459.9,27738.1,2021-10-20
2021102003012750,SADBL,13,32,50,378.0,18900.0,2021-10-20
2021102004009884,PICL,41,26,10,645.8,6458.0,2021-10-20
2021102004009883,CMF2,54,17,8431,9.5,80094.5,2021-10-20
2021102001009800,MEGA,26,37,31,310.0,9610.0,2021-10-20
2021102001009799,MEGA,20,37,10,310.0,3100.0,2021-10-20
2021102001009798,MEGA,48,37,280,310.0,86800.0,2021-10-20
2021102001009797,MEGA,59,37,25,310.1,7752.5,2021-10-20
2021102001009796,MEGA,11,37,200,310.1,62020.0,2021-10-20
2021102001009795,MEGA,45,37,300,310.2,93060.0,2021-10-20
2021102001009794,MEGA,58,37,50,310.2,15510.0,2021-10-20
2021102001009793,MEGA,45,37,100,310.3,31030.0,2021-10-20
2021102001009792,MEGA,44,37,10,310.5,3105.0,2021-10-20
2021102001009791,MEGA,39,37,10,310.6,3106.0,2021-10-20
2021102001009790,MEGA,41,37,200,310.6,62120.0,2021-10-20
2021102001009789,MEGA,42,37,200,311.0,62200.0,2021-10-20
2021102001009788,MEGA,20,37,584,311.0,181624.0,2021-10-20
2021102003012749,KMCDB,34,34,46,1233.0,56718.0,2021-10-20
2021102003012748,KMCDB,34,45,10,1225.0,12250.0,2021-10-20
2021102003012747,KMCDB,34,25,50,1225.0,61250.0,2021-10-20
2021102003012746,KMCDB,34,49,50,1224.0,61200.0,2021-10-20
2021102003012745,KMCDB,34,56,10,1220.0,12200.0,2021-10-20
2021102003012744,KMCDB,34,51,50,1219.9,60995.0,2021-10-20
2021102003012743,KMCDB,34,1,15,1209.0,18135.0,2021-10-20
2021102003012742,KMCDB,34,1,20,1209.0,24180.0,2021-10-20
2021102004009882,PRIN,34,44,10,761.0,7610.0,2021-10-20
2021102003012741,KSBBL,8,32,6,660.0,3960.0,2021-10-20
2021102003012740,KSBBL,8,56,42,660.0,27720.0,2021-10-20
2021102003012739,RLI,10,38,25,488.0,12200.0,2021-10-20
2021102003012738,NRIC,48,45,20,1235.0,24700.0,2021-10-20
2021102004009881,RRHP,1,45,60,466.0,27960.0,2021-10-20
2021102001009787,SRBL,21,13,40,303.0,12120.0,2021-10-20
2021102001009786,SRBL,D01,13,160,303.0,48480.0,2021-10-20
2021102001009785,SANIMA,48,47,20,493.0,9860.0,2021-10-20
2021102001009784,SBL,44,44,10,452.0,4520.0,2021-10-20
2021102001009783,NMB,38,13,110,397.5,43725.0,2021-10-20
2021102003012737,NLIC,58,29,40,1625.0,65000.0,2021-10-20
2021102004009880,AHPC,3,6,72,387.0,27864.0,2021-10-20
2021102004009879,AHPC,3,44,28,387.0,10836.0,2021-10-20
2021102003012736,LBBL,34,53,100,481.0,48100.0,2021-10-20
2021102004009878,GHL,8,28,70,312.0,21840.0,2021-10-20
2021102001009782,NMB,57,13,110,397.5,43725.0,2021-10-20
2021102001009781,NMB,57,57,760,397.5,302100.0,2021-10-20
2021102001009780,KBL,41,45,77,281.0,21637.0,2021-10-20
2021102005001243,JBLB,1,38,10,4340.0,43400.0,2021-10-20
2021102005001242,JBLB,1,49,20,4337.0,86740.0,2021-10-20
2021102003012735,CHDC,26,14,10,809.4,8094.0,2021-10-20
2021102005001241,MKLB,55,45,150,1680.0,252000.0,2021-10-20
2021102003012734,NIFRA,38,18,60,342.5,20550.0,2021-10-20
2021102003012733,SIFC,38,59,10,443.0,4430.0,2021-10-20
2021102004009877,UNHPL,6,16,100,306.1,30610.0,2021-10-20
2021102003012732,LICN,25,14,50,1917.6,95880.0,2021-10-20
2021102003012731,LICN,25,50,100,1917.0,191700.0,2021-10-20
2021102003012730,LICN,25,7,100,1915.0,191500.0,2021-10-20
2021102003012729,LICN,25,45,400,1915.0,766000.0,2021-10-20
2021102003012728,LICN,25,50,100,1912.0,191200.0,2021-10-20
2021102001009779,SANIMA,51,25,500,493.0,246500.0,2021-10-20
2021102003012727,LICN,25,50,200,1912.0,382400.0,2021-10-20
2021102003012726,LICN,25,45,50,1912.0,95600.0,2021-10-20
2021102001009778,SANIMA,52,25,200,493.0,98600.0,2021-10-20
2021102003012725,NIFRA,1,18,40,342.5,13700.0,2021-10-20
2021102003012724,SHINE,57,59,50,447.0,22350.0,2021-10-20
2021102003012723,SHINE,50,59,10,447.0,4470.0,2021-10-20
2021102003012722,SHINE,4,59,10,447.0,4470.0,2021-10-20
2021102003012721,KSBBL,34,56,100,660.0,66000.0,2021-10-20
2021102001009777,NMB,34,57,10,397.5,3975.0,2021-10-20
2021102003012720,GRDBL,34,16,10,380.0,3800.0,2021-10-20
2021102003012719,VLBS,48,3,89,1559.0,138751.0,2021-10-20
2021102003012718,VLBS,48,18,30,1559.0,46770.0,2021-10-20
2021102003012717,LBBL,34,33,95,481.0,45695.0,2021-10-20
2021102003012716,JBBL,43,57,500,464.0,232000.0,2021-10-20
2021102003012715,KSBBL,37,38,500,659.0,329500.0,2021-10-20
2021102004009876,UMHL,42,57,50,398.0,19900.0,2021-10-20
2021102004009875,UMHL,42,47,1100,397.8,437580.0,2021-10-20
2021102004009874,UMHL,42,43,100,397.8,39780.0,2021-10-20
2021102004009873,UMHL,42,58,10,397.8,3978.0,2021-10-20
2021102004009872,UMHL,42,58,200,397.7,79540.0,2021-10-20
2021102004009871,UMHL,42,49,50,397.0,19850.0,2021-10-20
2021102004009870,UMHL,42,50,20,397.0,7940.0,2021-10-20
2021102004009869,UMHL,42,39,50,397.0,19850.0,2021-10-20
2021102004009868,UMHL,42,21,437,397.0,173489.0,2021-10-20
2021102003012714,HIDCL,18,28,132,297.0,39204.0,2021-10-20
2021102003012713,HIDCL,14,28,100,298.0,29800.0,2021-10-20
2021102004009867,SGI,51,58,10,562.0,5620.0,2021-10-20
2021102004009866,NHPC,53,7,20,366.6,7332.0,2021-10-20
2021102003012712,MFIL,17,34,165,1055.0,174075.0,2021-10-20
2021102003012711,MFIL,17,53,35,1055.0,36925.0,2021-10-20
2021102004009865,NHPC,34,8,20,367.0,7340.0,2021-10-20
2021102004009864,NHPC,34,34,50,367.0,18350.0,2021-10-20
2021102001009776,MBL,26,17,257,371.0,95347.0,2021-10-20
2021102001009775,MBL,26,28,1380,371.0,511980.0,2021-10-20
2021102004009863,SEF,48,55,100,10.37,1037.0,2021-10-20
2021102003012710,SWBBL,11,36,25,1550.0,38750.0,2021-10-20
2021102003012709,SWBBL,40,36,60,1550.0,93000.0,2021-10-20
2021102003012708,SWBBL,26,36,216,1550.0,334800.0,2021-10-20
2021102004009862,API,38,43,184,413.9,76157.6,2021-10-20
2021102004009861,API,58,43,16,413.9,6622.4,2021-10-20
2021102001009774,NABIL,41,19,20,1459.0,29180.0,2021-10-20
2021102001009773,GBIME,6,34,50,379.1,18955.0,2021-10-20
2021102004009860,AHPC,41,44,100,387.0,38700.0,2021-10-20
2021102001009772,GBIME,11,34,200,379.1,75820.0,2021-10-20
2021102001009771,GBIME,42,34,35,379.1,13268.5,2021-10-20
2021102001009770,GBIME,8,34,31,379.1,11752.1,2021-10-20
2021102001009769,GBIME,58,34,90,379.2,34128.0,2021-10-20
2021102003012707,NFS,45,35,10,499.0,4990.0,2021-10-20
2021102001009768,SHIVM,5,49,10,1250.0,12500.0,2021-10-20
2021102001009767,SHIVM,50,49,30,1250.0,37500.0,2021-10-20
2021102004009859,UMRH,38,28,10,461.0,4610.0,2021-10-20
2021102001009766,MKJC,42,7,10,422.4,4224.0,2021-10-20
2021102004009858,SHPC,13,42,30,368.0,11040.0,2021-10-20
2021102001009765,MBL,51,49,20,370.9,7418.0,2021-10-20
2021102004009857,BARUN,37,45,65,375.0,24375.0,2021-10-20
2021102004009856,BARUN,48,45,10,375.0,3750.0,2021-10-20
2021102004009855,AKPL,58,16,500,460.0,230000.0,2021-10-20
2021102003012706,NLIC,19,29,12,1625.0,19500.0,2021-10-20
2021102004009854,UMHL,58,51,905,394.0,356570.0,2021-10-20
2021102004009853,UMHL,49,51,95,394.0,37430.0,2021-10-20
2021102001009764,NMB,6,57,100,397.5,39750.0,2021-10-20
2021102001009763,PCBL,17,4,10,465.0,4650.0,2021-10-20
2021102004009852,MEN,17,47,10,1103.0,11030.0,2021-10-20
2021102004009851,AKPL,56,22,50,459.0,22950.0,2021-10-20
2021102003012705,NIFRA,57,53,20,343.0,6860.0,2021-10-20
2021102003012704,NLIC,21,29,10,1625.0,16250.0,2021-10-20
2021102003012703,NLIC,41,29,66,1625.0,107250.0,2021-10-20
2021102003012702,NLIC,17,29,30,1625.0,48750.0,2021-10-20
2021102003012701,NLIC,45,29,17,1625.0,27625.0,2021-10-20
2021102003012700,SAPDBL,55,20,56,341.4,19118.4,2021-10-20
2021102003012699,MNBBL,34,8,50,665.0,33250.0,2021-10-20
2021102003012698,MNBBL,58,8,50,665.0,33250.0,2021-10-20
2021102003012697,FMDBL,32,48,20,873.0,17460.0,2021-10-20
2021102003012696,ALICL,44,45,450,1114.0,501300.0,2021-10-20
2021102003012695,ALICL,44,49,50,1113.0,55650.0,2021-10-20
2021102003012694,NIFRA,57,25,20,342.8,6856.0,2021-10-20
2021102003012693,SABSL,42,36,50,1959.0,97950.0,2021-10-20
2021102003012692,SKBBL,45,42,50,1710.0,85500.0,2021-10-20
2021102003012691,SKBBL,25,42,35,1710.0,59850.0,2021-10-20
2021102001009762,NABIL,6,52,21,1459.9,30657.9,2021-10-20
2021102001009761,NABIL,6,13,20,1459.8,29196.0,2021-10-20
2021102003012690,CLBSL,40,10,10,1315.0,13150.0,2021-10-20
2021102004009850,NHPC,22,34,50,367.0,18350.0,2021-10-20
2021102001009760,MBL,41,49,150,370.9,55635.0,2021-10-20
2021102001009759,NABIL,41,4,50,1459.0,72950.0,2021-10-20
2021102001009758,NABIL,6,4,50,1459.0,72950.0,2021-10-20
2021102004009849,UMHL,45,21,25,397.0,9925.0,2021-10-20
2021102003012689,GBBL,57,32,20,543.0,10860.0,2021-10-20
2021102001009757,SHIVM,49,35,50,1274.9,63745.0,2021-10-20
2021102001009756,SHIVM,49,49,20,1270.0,25400.0,2021-10-20
2021102001009755,SHIVM,49,8,40,1270.0,50800.0,2021-10-20
2021102001009754,SHIVM,49,49,200,1265.0,253000.0,2021-10-20
2021102001009753,SHIVM,49,22,100,1264.0,126400.0,2021-10-20
2021102001009752,SHIVM,49,21,60,1259.0,75540.0,2021-10-20
2021102001009751,SHIVM,49,29,30,1256.3,37689.0,2021-10-20
2021102004009848,NIL,49,58,14,1224.0,17136.0,2021-10-20
2021102001009750,NICA,45,42,30,802.0,24060.0,2021-10-20
2021102003012688,MLBL,51,57,200,578.0,115600.0,2021-10-20
2021102001009749,SRBL,D01,44,840,303.0,254520.0,2021-10-20
2021102003012687,KSBBL,35,56,23,660.0,15180.0,2021-10-20
2021102003012686,SAPDBL,55,59,12,341.4,4096.8,2021-10-20
2021102003012685,GRDBL,34,41,500,376.0,188000.0,2021-10-20
2021102003012684,GRDBL,34,33,20,375.0,7500.0,2021-10-20
2021102003012683,GRDBL,34,6,180,374.9,67482.0,2021-10-20
2021102003012682,GRDBL,34,45,95,374.3,35558.5,2021-10-20
2021102003012681,PLI,8,21,31,580.0,17980.0,2021-10-20
2021102004009847,UMRH,42,50,18,457.1,8227.8,2021-10-20
2021102004009846,HPPL,58,57,74,401.1,29681.4,2021-10-20
2021102001009748,NBL,58,1,81,463.0,37503.0,2021-10-20
2021102001009747,NBL,58,33,49,462.8,22677.2,2021-10-20
2021102004009845,TRH,58,58,20,353.0,7060.0,2021-10-20
2021102001009746,PRVU,58,7,100,378.9,37890.0,2021-10-20
2021102003012680,ICFC,42,6,50,643.0,32150.0,2021-10-20
2021102003012679,ICFC,42,58,50,641.0,32050.0,2021-10-20
2021102001009745,SANIMA,58,25,100,493.0,49300.0,2021-10-20
2021102001009744,SANIMA,42,25,15,493.0,7395.0,2021-10-20
2021102004009844,SFMF,48,7,100,10.61,1061.0,2021-10-20
2021102004009843,UPPER,35,56,25,577.0,14425.0,2021-10-20
2021102001009743,MEGA,20,32,16,311.0,4976.0,2021-10-20
2021102003012678,KMCDB,34,1,30,1209.0,36270.0,2021-10-20
2021102003012677,KMCDB,34,22,50,1208.0,60400.0,2021-10-20
2021102003012676,KMCDB,34,52,10,1205.0,12050.0,2021-10-20
2021102003012675,KMCDB,34,1,150,1205.0,180750.0,2021-10-20
2021102003012674,KMCDB,34,33,160,1195.0,191200.0,2021-10-20
2021102004009842,PICL,10,26,10,645.8,6458.0,2021-10-20
2021102003012673,JBBL,43,57,445,464.0,206480.0,2021-10-20
2021102003012672,JBBL,58,57,25,464.0,11600.0,2021-10-20
2021102003012671,JBBL,57,57,20,464.9,9298.0,2021-10-20
2021102004009841,CHL,58,57,30,433.0,12990.0,2021-10-20
2021102004009840,UPPER,35,51,50,576.5,28825.0,2021-10-20
2021102003012670,ICFC,58,28,2696,640.4,1726518.4,2021-10-20
2021102003012669,RLFL,57,56,100,492.0,49200.0,2021-10-20
2021102003012668,NRN,5,45,10,588.0,5880.0,2021-10-20
2021102004009839,RRHP,1,45,200,466.0,93200.0,2021-10-20
2021102003012667,HIDCL,14,38,100,298.0,29800.0,2021-10-20
2021102004009838,NHPC,14,34,100,367.0,36700.0,2021-10-20
2021102003012666,NLIC,58,49,50,1625.0,81250.0,2021-10-20
2021102003012665,NLIC,38,49,50,1625.0,81250.0,2021-10-20
2021102003012664,MFIL,58,13,90,1054.0,94860.0,2021-10-20
2021102004009837,RHPC,58,44,20,625.8,12516.0,2021-10-20
2021102003012663,GMFIL,8,26,231,461.0,106491.0,2021-10-20
2021102003012662,GMFIL,8,37,200,460.0,92000.0,2021-10-20
2021102003012661,LBBL,34,50,10,481.0,4810.0,2021-10-20
2021102001009742,NICA,48,25,100,803.0,80300.0,2021-10-20
2021102004009836,AKPL,56,45,100,459.0,45900.0,2021-10-20
2021102003012660,ICFC,41,58,100,641.0,64100.0,2021-10-20
2021102004009835,AHPC,25,7,50,386.0,19300.0,2021-10-20
2021102001009741,NICA,45,14,51,802.0,40902.0,2021-10-20
2021102001009740,NICA,51,14,25,802.0,20050.0,2021-10-20
2021102001009739,NICA,22,14,100,802.0,80200.0,2021-10-20
2021102001009738,NICA,42,14,74,802.0,59348.0,2021-10-20
2021102003012659,NRIC,34,45,190,1235.0,234650.0,2021-10-20
2021102003012658,BFC,50,26,10,410.0,4100.0,2021-10-20
2021102003012657,BFC,50,32,200,410.0,82000.0,2021-10-20
2021102001009737,NCCB,57,51,100,287.0,28700.0,2021-10-20
2021102003012656,RLFL,49,21,15,493.0,7395.0,2021-10-20
2021102004009834,SHPC,35,49,20,369.0,7380.0,2021-10-20
2021102003012655,PLI,38,21,10,580.0,5800.0,2021-10-20
2021102003012654,PLI,11,21,50,580.0,29000.0,2021-10-20
2021102001009736,GBIME,58,59,10,380.0,3800.0,2021-10-20
2021102003012653,SADBL,7,32,500,378.0,189000.0,2021-10-20
2021102003012652,SADBL,56,32,500,378.0,189000.0,2021-10-20
2021102003012651,SADBL,39,32,194,379.0,73526.0,2021-10-20
2021102003012650,KSBBL,37,34,300,659.0,197700.0,2021-10-20
2021102001009735,NABIL,16,57,12,1458.0,17496.0,2021-10-20
2021102001009734,NABIL,25,57,28,1458.5,40838.0,2021-10-20
2021102001009733,NABIL,39,57,100,1458.6,145860.0,2021-10-20
2021102001009732,NABIL,58,57,10,1458.7,14587.0,2021-10-20
2021102001009731,NABIL,11,57,50,1460.0,73000.0,2021-10-20
2021102003012649,NRIC,45,45,20,1235.0,24700.0,2021-10-20
2021102004009833,HDHPC,46,43,94,285.0,26790.0,2021-10-20
2021102004009832,HDHPC,5,43,36,285.0,10260.0,2021-10-20
2021102004009831,HDHPC,21,43,10,286.0,2860.0,2021-10-20
2021102004009830,HDHPC,26,43,60,287.0,17220.0,2021-10-20
2021102004009829,HDHPC,26,42,200,287.0,57400.0,2021-10-20
2021102004009828,HDHPC,26,16,40,287.0,11480.0,2021-10-20
2021102003012648,KSBBL,42,56,35,660.0,23100.0,2021-10-20
2021102003012647,KSBBL,42,35,50,660.0,33000.0,2021-10-20
2021102003012646,KSBBL,42,7,15,660.0,9900.0,2021-10-20
2021102004009827,SJCL,45,51,10,343.0,3430.0,2021-10-20
2021102003012645,NIFRA,8,25,30,342.8,10284.0,2021-10-20
2021102004009826,NGPL,25,28,30,590.0,17700.0,2021-10-20
2021102004009825,CMF2,32,17,1000,9.5,9500.0,2021-10-20
2021102004009824,CMF2,54,17,5200,9.5,49400.0,2021-10-20
2021102004009823,CMF2,28,17,2000,9.51,19020.0,2021-10-20
2021102005001240,MKLB,21,22,10,1679.0,16790.0,2021-10-20
2021102003012644,KSBBL,37,39,87,659.0,57333.0,2021-10-20
2021102001009730,CCBL,50,25,37,231.0,8547.0,2021-10-20
2021102003012643,FMDBL,21,48,10,874.0,8740.0,2021-10-20
2021102003012642,KSBBL,37,45,600,659.0,395400.0,2021-10-20
2021102004009822,BPCL,58,25,130,474.0,61620.0,2021-10-20
2021102003012641,ICFC,53,58,50,641.2,32060.0,2021-10-20
2021102004009821,GLH,38,40,20,397.5,7950.0,2021-10-20
2021102001009729,SANIMA,38,25,55,492.8,27104.0,2021-10-20
2021102001009728,SANIMA,51,25,20,492.8,9856.0,2021-10-20
2021102001009727,SANIMA,49,25,300,492.8,147840.0,2021-10-20
2021102001009726,SANIMA,45,25,45,493.0,22185.0,2021-10-20
2021102004009820,NICL,22,56,100,762.0,76200.0,2021-10-20
2021102004009819,AHPC,34,7,50,386.0,19300.0,2021-10-20
2021102004009818,RHPL,58,33,770,345.2,265804.0,2021-10-20
2021102004009817,RHPL,49,33,220,347.0,76340.0,2021-10-20
2021102004009816,UPPER,35,49,70,576.5,40355.0,2021-10-20
2021102004009815,NHPC,21,55,163,367.0,59821.0,2021-10-20
2021102004009814,API,58,51,104,413.9,43045.6,2021-10-20
2021102004009813,API,58,48,1000,413.9,413900.0,2021-10-20
2021102004009812,API,58,48,80,413.0,33040.0,2021-10-20
2021102004009811,DHPL,32,7,10,291.0,2910.0,2021-10-20
2021102004009810,DHPL,32,58,90,290.0,26100.0,2021-10-20
2021102004009809,DHPL,32,42,30,288.0,8640.0,2021-10-20
2021102001009725,PRVU,35,7,40,378.9,15156.0,2021-10-20
2021102003012640,MNBBL,36,53,200,665.0,133000.0,2021-10-20
2021102004009808,LEC,34,56,23,305.0,7015.0,2021-10-20
2021102004009807,JOSHI,34,39,20,299.6,5992.0,2021-10-20
2021102005001239,ULI,11,57,10,573.9,5739.0,2021-10-20
2021102003012639,NTC,48,14,50,1050.0,52500.0,2021-10-20
2021102003012638,RLI,57,58,40,487.0,19480.0,2021-10-20
2021102005001238,JBLB,58,32,10,4331.0,43310.0,2021-10-20
2021102004009806,SICL,58,49,10,1659.0,16590.0,2021-10-20
2021102004009805,API,58,13,20,412.0,8240.0,2021-10-20
2021102004009804,AKPL,25,16,37,460.0,17020.0,2021-10-20
2021102004009803,AKPL,25,54,63,460.0,28980.0,2021-10-20
2021102004009802,AKPL,25,45,100,460.0,46000.0,2021-10-20
2021102003012637,SLBBL,58,22,10,1500.0,15000.0,2021-10-20
2021102003012636,GBLBS,35,36,100,962.0,96200.0,2021-10-20
2021102003012635,GUFL,50,28,10,816.0,8160.0,2021-10-20
2021102004009801,AKPL,45,1,100,460.0,46000.0,2021-10-20
2021102004009800,SHPC,35,14,600,369.0,221400.0,2021-10-20
2021102005001237,JBLB,35,52,30,4330.0,129900.0,2021-10-20
2021102005001236,JBLB,58,52,20,4330.1,86602.0,2021-10-20
2021102003012634,GFCL,41,45,100,642.7,64270.0,2021-10-20
2021102004009799,PMHPL,55,4,90,285.0,25650.0,2021-10-20
2021102004009798,PMHPL,55,4,100,284.0,28400.0,2021-10-20
2021102004009797,BPCL,D01,38,50,473.0,23650.0,2021-10-20
2021102003012633,SDLBSL,34,51,11,1400.1,15401.1,2021-10-20
2021102004009796,RADHI,45,6,30,527.0,15810.0,2021-10-20
2021102001009724,SBL,22,44,200,452.0,90400.0,2021-10-20
2021102003012632,ACLBSL,14,38,50,1399.0,69950.0,2021-10-20
2021102001009723,SANIMA,45,45,455,493.0,224315.0,2021-10-20
2021102001009722,NABIL,45,52,30,1459.9,43797.0,2021-10-20
2021102003012631,SIFC,57,14,102,439.0,44778.0,2021-10-20
2021102004009795,NHPC,53,52,200,366.6,73320.0,2021-10-20
2021102003012630,BFC,38,32,300,410.0,123000.0,2021-10-20
2021102004009794,API,58,22,50,412.0,20600.0,2021-10-20
2021102004009793,UMHL,53,21,500,397.0,198500.0,2021-10-20
2021102003012629,GUFL,28,8,1000,815.0,815000.0,2021-10-20
2021102003012628,ALICL,33,45,25,1114.0,27850.0,2021-10-20
2021102004009792,RRHP,1,57,20,466.0,9320.0,2021-10-20
2021102003012627,KSBBL,37,52,100,659.0,65900.0,2021-10-20
2021102001009721,SANIMA,58,45,45,493.0,22185.0,2021-10-20
2021102001009720,SANIMA,58,17,140,493.0,69020.0,2021-10-20
2021102001009719,SANIMA,58,41,15,493.0,7395.0,2021-10-20
2021102003012626,ICFC,25,28,50,642.0,32100.0,2021-10-20
2021102001009718,PRVU,40,3,20,378.5,7570.0,2021-10-20
2021102004009791,SIL,3,28,100,824.0,82400.0,2021-10-20
2021102004009790,SSHL,46,45,533,305.4,162778.2,2021-10-20
2021102003012625,HIDCL,18,33,129,297.0,38313.0,2021-10-20
2021102001009717,NBL,45,33,21,462.8,9718.8,2021-10-20
2021102003012624,NRIC,35,45,388,1235.0,479180.0,2021-10-20
2021102001009716,SANIMA,49,41,485,493.0,239105.0,2021-10-20
2021102001009715,SANIMA,49,48,15,493.0,7395.0,2021-10-20
2021102004009789,CMF1,58,52,500,9.8,4900.0,2021-10-20
2021102003012623,KRBL,58,48,10,404.0,4040.0,2021-10-20
2021102001009714,NABIL,58,52,30,1459.9,43797.0,2021-10-20
2021102003012622,GMFIL,47,3,413,458.1,189195.3,2021-10-20
2021102003012621,GMFIL,14,3,50,459.0,22950.0,2021-10-20
2021102004009788,UNHPL,35,22,165,308.0,50820.0,2021-10-20
2021102004009787,UNHPL,35,47,50,308.0,15400.0,2021-10-20
2021102004009786,UNHPL,35,48,10,307.9,3079.0,2021-10-20
2021102004009785,UNHPL,35,43,25,307.0,7675.0,2021-10-20
2021102004009784,UPPER,35,45,200,576.5,115300.0,2021-10-20
2021102003012620,CHDC,5,58,100,805.0,80500.0,2021-10-20
2021102003012619,DDBL,58,28,10,1233.0,12330.0,2021-10-20
2021102003012618,MNBBL,18,44,160,666.0,106560.0,2021-10-20
2021102001009713,NBL,4,1,50,463.0,23150.0,2021-10-20
2021102003012617,NUBL,1,44,10,1408.0,14080.0,2021-10-20
2021102004009783,CHCL,26,34,80,566.0,45280.0,2021-10-20
2021102003012616,SFCL,34,45,178,431.0,76718.0,2021-10-20
2021102003012615,SFCL,34,45,22,430.0,9460.0,2021-10-20
2021102004009782,CHCL,39,34,200,567.0,113400.0,2021-10-20
2021102004009781,CHCL,14,34,20,568.0,11360.0,2021-10-20
2021102003012614,GBBL,34,32,50,543.0,27150.0,2021-10-20
2021102003012613,SAPDBL,55,48,32,341.0,10912.0,2021-10-20
2021102003012612,FMDBL,56,48,20,875.0,17500.0,2021-10-20
2021102001009712,MEGA,48,32,50,311.0,15550.0,2021-10-20
2021102004009780,SSHL,32,44,455,302.1,137455.5,2021-10-20
2021102004009779,SSHL,52,44,45,305.0,13725.0,2021-10-20
2021102004009778,BPCL,D01,38,13,473.0,6149.0,2021-10-20
2021102004009777,NHDL,32,49,10,409.0,4090.0,2021-10-20
2021102004009776,NHDL,32,16,731,409.0,298979.0,2021-10-20
2021102001009711,MEGA,16,32,50,311.0,15550.0,2021-10-20
2021102003012611,RLI,1,51,10,487.0,4870.0,2021-10-20
2021102003012610,LICN,25,45,50,1912.0,95600.0,2021-10-20
2021102003012609,LICN,25,50,100,1910.0,191000.0,2021-10-20
2021102003012608,LICN,25,3,100,1910.0,191000.0,2021-10-20
2021102003012607,LICN,25,5,50,1900.0,95000.0,2021-10-20
2021102003012606,NFS,32,35,10,499.8,4998.0,2021-10-20
2021102004009775,SPDL,34,38,290,379.0,109910.0,2021-10-20
2021102003012605,MFIL,45,34,100,1054.0,105400.0,2021-10-20
2021102001009710,NBL,45,49,15,462.8,6942.0,2021-10-20
2021102003012604,NTC,41,3,197,1049.9,206830.3,2021-10-20
2021102004009774,UPPER,35,1,30,576.5,17295.0,2021-10-20
2021102004009773,TRH,58,22,15,353.0,5295.0,2021-10-20
2021102004009772,CHCL,58,18,95,569.0,54055.0,2021-10-20
2021102001009709,CZBIL,19,33,30,298.5,8955.0,2021-10-20
2021102001009708,NABIL,17,58,22,1459.9,32117.8,2021-10-20
2021102001009707,NABIL,17,32,319,1459.9,465708.1,2021-10-20
2021102001009706,NABIL,17,34,79,1459.0,115261.0,2021-10-20
2021102003012603,CFCL,41,20,100,472.9,47290.0,2021-10-20
2021102001009705,MBL,44,49,300,370.9,111270.0,2021-10-20
2021102003012602,NRN,5,52,10,589.0,5890.0,2021-10-20
2021102003012601,NMFBS,47,43,100,2800.0,280000.0,2021-10-20
2021102001009704,BOKL,17,14,100,323.0,32300.0,2021-10-20
2021102004009771,SIC,57,48,20,1271.0,25420.0,2021-10-20
2021102001009703,SANIMA,59,48,10,493.0,4930.0,2021-10-20
2021102001009702,NABIL,44,34,30,1459.0,43770.0,2021-10-20
2021102001009701,NABIL,42,34,22,1459.0,32098.0,2021-10-20
2021102004009770,CGH,42,46,25,1290.0,32250.0,2021-10-20
2021102001009700,CBL,49,34,40,234.5,9380.0,2021-10-20
2021102003012600,MMFDB,52,41,71,1465.0,104015.0,2021-10-20
2021102003012599,MMFDB,7,41,29,1465.0,42485.0,2021-10-20
2021102001009699,GBIME,42,59,40,380.0,15200.0,2021-10-20
2021102003012598,ICFC,59,28,1000,642.3,642300.0,2021-10-20
2021102003012597,ICFC,49,28,50,643.0,32150.0,2021-10-20
2021102003012596,ICFC,26,28,450,643.1,289395.0,2021-10-20
2021102003012595,ICFC,51,28,30,643.2,19296.0,2021-10-20
2021102003012594,ICFC,48,28,300,643.3,192990.0,2021-10-20
2021102003012593,ICFC,45,28,30,644.0,19320.0,2021-10-20
2021102003012592,ICFC,35,28,50,644.0,32200.0,2021-10-20
2021102003012591,ICFC,16,28,10,644.0,6440.0,2021-10-20
2021102003012590,ICFC,17,28,34,644.0,21896.0,2021-10-20
2021102003012589,ICFC,51,28,50,645.0,32250.0,2021-10-20
2021102003012588,ICFC,26,28,250,648.0,162000.0,2021-10-20
2021102004009769,RHPL,58,51,10,345.2,3452.0,2021-10-20
2021102001009698,SANIMA,41,48,200,493.0,98600.0,2021-10-20
2021102001009697,EBL,34,35,150,703.0,105450.0,2021-10-20
2021102004009768,RADHI,45,8,42,529.0,22218.0,2021-10-20
2021102003012587,PFL,1,46,14,555.0,7770.0,2021-10-20
2021102005001235,JBLB,1,32,20,4331.0,86620.0,2021-10-20
2021102004009767,CHCL,7,18,50,569.0,28450.0,2021-10-20
2021102004009766,NIBLPF,6,4,5343,10.0,53430.0,2021-10-20
2021102003012586,SADBL,39,59,50,379.0,18950.0,2021-10-20
2021102003012585,RLFL,8,21,10,492.0,4920.0,2021-10-20
2021102003012584,RLFL,34,21,10,492.1,4921.0,2021-10-20
2021102001009696,CCBL,38,25,20,231.0,4620.0,2021-10-20
2021102003012583,SMB,42,38,11,2539.0,27929.0,2021-10-20
2021102003012582,SMB,42,21,10,2539.0,25390.0,2021-10-20
2021102001009695,GBIME,42,59,55,380.0,20900.0,2021-10-20
2021102001009694,NBL,7,1,30,463.0,13890.0,2021-10-20
2021102003012581,SIFC,59,14,100,439.0,43900.0,2021-10-20
2021102001009693,GBIME,35,59,77,380.0,29260.0,2021-10-20
2021102003012580,BFC,50,26,443,409.0,181187.0,2021-10-20
2021102003012579,BFC,34,26,57,409.0,23313.0,2021-10-20
2021102001009692,PCBL,33,4,200,465.0,93000.0,2021-10-20
2021102001009691,PCBL,33,17,50,465.0,23250.0,2021-10-20
2021102001009690,PCBL,33,7,50,465.0,23250.0,2021-10-20
2021102001009689,PCBL,33,39,100,464.0,46400.0,2021-10-20
2021102001009688,PCBL,33,16,100,464.0,46400.0,2021-10-20
2021102001009687,PCBL,33,35,150,464.0,69600.0,2021-10-20
2021102001009686,PCBL,33,43,200,463.0,92600.0,2021-10-20
2021102001009685,PCBL,33,57,110,463.0,50930.0,2021-10-20
2021102001009684,PCBL,33,43,1000,462.9,462900.0,2021-10-20
2021102001009683,PCBL,33,53,40,462.9,18516.0,2021-10-20
2021102001009682,NMB,57,57,19,397.5,7552.5,2021-10-20
2021102004009765,HDHPC,21,57,170,286.0,48620.0,2021-10-20
2021102001009681,NABIL,57,21,20,1459.0,29180.0,2021-10-20
2021102004009764,HDHPC,21,57,100,286.0,28600.0,2021-10-20
2021102001009680,NABIL,58,21,30,1459.0,43770.0,2021-10-20
2021102004009763,API,58,38,500,412.0,206000.0,2021-10-20
2021102001009679,NBL,58,1,30,463.0,13890.0,2021-10-20
2021102005001234,JBLB,34,32,60,4331.0,259860.0,2021-10-20
2021102005001233,JBLB,49,32,20,4332.0,86640.0,2021-10-20
2021102004009762,RADHI,45,51,11,529.0,5819.0,2021-10-20
2021102003012578,KSBBL,37,14,200,659.0,131800.0,2021-10-20
2021102001009678,MEGA,36,45,189,312.0,58968.0,2021-10-20
2021102001009677,MEGA,36,37,700,311.9,218330.0,2021-10-20
2021102001009676,MEGA,36,57,100,311.9,31190.0,2021-10-20
2021102001009675,MEGA,36,35,11,311.7,3428.7,2021-10-20
2021102001009674,HDL,45,53,190,6670.0,1267300.0,2021-10-20
2021102001009673,HDL,28,53,110,6670.0,733700.0,2021-10-20
2021102001009672,HDL,34,53,200,6671.0,1334200.0,2021-10-20
2021102003012577,SFCL,58,45,50,430.0,21500.0,2021-10-20
2021102003012576,SFCL,41,45,18,430.0,7740.0,2021-10-20
2021102003012575,SFCL,25,45,50,430.1,21505.0,2021-10-20
2021102003012574,SFCL,41,45,10,430.2,4302.0,2021-10-20
2021102003012573,SFCL,41,45,50,430.5,21525.0,2021-10-20
2021102003012572,MLBSL,35,22,10,4950.0,49500.0,2021-10-20
2021102003012571,ALICL,55,36,79,1112.6,87895.4,2021-10-20
2021102003012570,ALICL,19,36,60,1113.0,66780.0,2021-10-20
2021102003012569,ALICL,22,36,50,1113.1,55655.0,2021-10-20
2021102003012568,ALICL,50,36,10,1113.1,11131.0,2021-10-20
2021102004009761,CHCL,19,18,100,569.0,56900.0,2021-10-20
2021102004009760,SPDL,50,38,10,379.0,3790.0,2021-10-20
2021102003012567,GUFL,50,28,100,816.0,81600.0,2021-10-20
2021102003012566,NLIC,42,33,18,1625.0,29250.0,2021-10-20
2021102003012565,NLIC,52,33,82,1625.0,133250.0,2021-10-20
2021102003012564,NLIC,14,33,100,1625.2,162520.0,2021-10-20
2021102003012563,KSBBL,37,45,50,659.0,32950.0,2021-10-20
2021102004009759,RADHI,45,13,37,529.0,19573.0,2021-10-20
2021102003012562,LBBL,57,14,85,482.0,40970.0,2021-10-20
2021102003012561,SIFC,34,38,82,438.0,35916.0,2021-10-20
2021102003012560,SIFC,8,38,18,438.0,7884.0,2021-10-20
2021102003012559,SIFC,29,38,200,438.1,87620.0,2021-10-20
2021102003012558,GUFL,28,58,50,815.0,40750.0,2021-10-20
2021102004009758,UMHL,51,21,18,397.0,7146.0,2021-10-20
2021102004009757,UMHL,51,54,800,396.0,316800.0,2021-10-20
2021102004009756,UMHL,51,19,102,396.0,40392.0,2021-10-20
2021102004009755,UMHL,51,48,80,395.0,31600.0,2021-10-20
2021102001009671,NBL,56,1,30,463.0,13890.0,2021-10-20
2021102003012557,MLBL,57,34,191,576.1,110035.1,2021-10-20
2021102003012556,MLBL,44,34,50,576.2,28810.0,2021-10-20
2021102003012555,MLBL,28,34,293,576.2,168826.6,2021-10-20
2021102003012554,MLBL,42,34,100,576.3,57630.0,2021-10-20
2021102003012553,MLBL,40,34,100,576.3,57630.0,2021-10-20
2021102003012552,MLBL,28,34,266,577.0,153482.0,2021-10-20
2021102001009670,NICA,42,28,50,802.0,40100.0,2021-10-20
2021102001009669,NICA,3,28,50,802.2,40110.0,2021-10-20
2021102003012551,CFCL,45,20,500,472.9,236450.0,2021-10-20
2021102003012550,SFCL,42,45,29,431.0,12499.0,2021-10-20
2021102003012549,KSBBL,37,56,100,659.0,65900.0,2021-10-20
2021102003012548,GRDBL,41,45,25,374.3,9357.5,2021-10-20
2021102003012547,GRDBL,41,34,25,374.0,9350.0,2021-10-20
2021102003012546,GRDBL,41,21,50,373.0,18650.0,2021-10-20
2021102003012545,NMBMF,38,19,15,1299.0,19485.0,2021-10-20
2021102003012544,SINDU,22,38,150,410.0,61500.0,2021-10-20
2021102004009754,SPDL,41,38,100,379.0,37900.0,2021-10-20
2021102003012543,SINDU,42,38,52,410.0,21320.0,2021-10-20
2021102004009753,SPDL,44,38,100,379.0,37900.0,2021-10-20
2021102003012542,ICFC,28,3,64,649.0,41536.0,2021-10-20
2021102003012541,ICFC,28,48,62,649.0,40238.0,2021-10-20
2021102003012540,ICFC,28,51,30,648.0,19440.0,2021-10-20
2021102003012539,ICFC,28,42,134,648.0,86832.0,2021-10-20
2021102001009668,MBL,51,18,19,370.5,7039.5,2021-10-20
2021102003012538,GUFL,28,54,100,815.0,81500.0,2021-10-20
2021102004009752,RADHI,45,45,14,527.0,7378.0,2021-10-20
2021102004009751,RADHI,40,45,82,527.0,43214.0,2021-10-20
2021102004009750,RADHI,58,45,10,527.0,5270.0,2021-10-20
2021102004009749,RADHI,34,45,42,527.0,22134.0,2021-10-20
2021102004009748,RADHI,49,45,17,527.2,8962.4,2021-10-20
2021102004009747,RADHI,34,45,85,528.0,44880.0,2021-10-20
2021102003012537,ICFC,17,57,66,644.0,42504.0,2021-10-20
2021102003012536,ICFC,51,57,25,644.0,16100.0,2021-10-20
2021102003012535,ICFC,51,57,25,644.0,16100.0,2021-10-20
2021102003012534,ICFC,16,57,10,645.0,6450.0,2021-10-20
2021102003012533,ICFC,22,57,64,645.0,41280.0,2021-10-20
2021102003012532,ICFC,10,57,10,645.9,6459.0,2021-10-20
2021102003012531,NLIC,11,38,20,1627.0,32540.0,2021-10-20
2021102004009746,API,58,51,100,412.0,41200.0,2021-10-20
2021102004009745,UPPER,4,56,23,577.0,13271.0,2021-10-20
2021102004009744,UPPER,4,45,15,577.0,8655.0,2021-10-20
2021102004009743,UPPER,4,22,50,577.0,28850.0,2021-10-20
2021102004009742,UPPER,4,55,100,577.0,57700.0,2021-10-20
2021102003012530,SHINE,44,4,50,447.0,22350.0,2021-10-20
2021102004009741,UPPER,4,38,59,577.0,34043.0,2021-10-20
2021102004009740,UPPER,4,39,153,577.0,88281.0,2021-10-20
2021102003012529,SHINE,58,4,163,447.0,72861.0,2021-10-20
2021102004009739,AHPC,29,16,100,386.0,38600.0,2021-10-20
2021102004009738,NIBLPF,10,4,5000,10.0,50000.0,2021-10-20
2021102004009737,KKHC,5,41,11,304.0,3344.0,2021-10-20
2021102004009736,GHL,38,50,20,311.0,6220.0,2021-10-20
2021102001009667,MBL,58,18,50,370.5,18525.0,2021-10-20
2021102001009666,MBL,40,18,33,370.5,12226.5,2021-10-20
2021102004009735,PIC,3,51,20,970.0,19400.0,2021-10-20
2021102003012528,NABBC,25,33,20,689.0,13780.0,2021-10-20
2021102004009734,SPDL,3,51,300,380.0,114000.0,2021-10-20
2021102004009733,LEC,34,56,400,305.0,122000.0,2021-10-20
2021102001009665,NMB,45,57,14,397.5,5565.0,2021-10-20
2021102003012527,SADBL,36,45,100,380.0,38000.0,2021-10-20
2021102003012526,CFCL,58,20,10,472.9,4729.0,2021-10-20
2021102001009664,HDL,16,49,17,6672.0,113424.0,2021-10-20
2021102004009732,UMHL,42,48,80,395.0,31600.0,2021-10-20
2021102003012525,MLBL,28,59,234,577.0,135018.0,2021-10-20
2021102003012524,LICN,25,49,50,1900.0,95000.0,2021-10-20
2021102003012523,LICN,25,22,50,1899.9,94995.0,2021-10-20
2021102003012522,LICN,25,3,50,1899.0,94950.0,2021-10-20
2021102004009731,AHPC,3,16,200,386.0,77200.0,2021-10-20
2021102003012521,GBBL,32,4,10,542.5,5425.0,2021-10-20
2021102003012520,GBBL,44,4,500,542.5,271250.0,2021-10-20
2021102003012519,GBBL,34,4,20,542.6,10852.0,2021-10-20
2021102003012518,GBBL,42,4,70,542.6,37982.0,2021-10-20
2021102003012517,LBBL,57,14,30,482.0,14460.0,2021-10-20
2021102005001232,ULI,43,58,10,570.0,5700.0,2021-10-20
2021102003012516,NLIC,38,44,20,1628.0,32560.0,2021-10-20
2021102003012515,GMFIL,14,35,15,460.0,6900.0,2021-10-20
2021102003012514,NRIC,35,54,12,1235.0,14820.0,2021-10-20
2021102003012513,NRIC,42,54,50,1235.0,61750.0,2021-10-20
2021102003012512,NRIC,22,54,50,1235.0,61750.0,2021-10-20
2021102003012511,NRIC,54,54,10,1235.0,12350.0,2021-10-20
2021102003012510,NRIC,21,54,278,1235.0,343330.0,2021-10-20
2021102003012509,GILB,18,57,10,2149.0,21490.0,2021-10-20
2021102003012508,GILB,18,45,15,2140.0,32100.0,2021-10-20
2021102004009730,SGI,28,11,10,560.0,5600.0,2021-10-20
2021102003012507,MNBBL,22,44,25,666.0,16650.0,2021-10-20
2021102004009729,CHCL,14,18,60,569.0,34140.0,2021-10-20
2021102003012506,MFIL,51,50,100,1054.0,105400.0,2021-10-20
2021102003012505,MERO,17,1,62,1379.0,85498.0,2021-10-20
2021102003012504,NTC,17,3,100,1049.9,104990.0,2021-10-20
2021102003012503,SHINE,59,4,200,447.1,89420.0,2021-10-20
2021102004009728,SHPC,35,36,350,369.0,129150.0,2021-10-20
2021102004009727,SHPC,35,44,30,368.0,11040.0,2021-10-20
2021102004009726,UMHL,42,48,100,395.0,39500.0,2021-10-20
2021102001009663,CZBIL,49,33,70,298.5,20895.0,2021-10-20
2021102001009662,ADBL,22,14,300,503.0,150900.0,2021-10-20
2021102001009661,ADBL,58,14,100,503.0,50300.0,2021-10-20
2021102001009660,ADBL,55,14,250,503.0,125750.0,2021-10-20
2021102001009659,NABIL,36,32,20,1459.9,29198.0,2021-10-20
2021102001009658,CBL,21,53,1,234.0,234.0,2021-10-20
2021102001009657,PCBL,6,39,150,462.0,69300.0,2021-10-20
2021102001009656,EBL,34,19,320,703.0,224960.0,2021-10-20
2021102001009655,PCBL,6,50,15,462.0,6930.0,2021-10-20
2021102003012502,KRBL,38,48,500,400.0,200000.0,2021-10-20
2021102003012501,MERO,42,22,10,1372.1,13721.0,2021-10-20
2021102003012500,NRIC,21,51,10,1235.0,12350.0,2021-10-20
2021102003012499,NRIC,41,51,30,1237.0,37110.0,2021-10-20
2021102001009654,PCBL,6,53,50,462.0,23100.0,2021-10-20
2021102004009725,AHPC,45,44,72,387.0,27864.0,2021-10-20
2021102004009724,AHPC,45,3,100,387.0,38700.0,2021-10-20
2021102004009723,AHPC,45,48,200,387.0,77400.0,2021-10-20
2021102004009722,AHPC,45,37,2128,386.5,822472.0,2021-10-20
2021102001009653,PCBL,6,49,30,462.0,13860.0,2021-10-20
2021102001009652,PCBL,13,49,120,462.0,55440.0,2021-10-20
2021102003012498,ILBS,58,14,30,1628.1,48843.0,2021-10-20
2021102001009651,PCBL,13,14,80,462.0,36960.0,2021-10-20
2021102001009650,PCBL,57,14,20,462.0,9240.0,2021-10-20
2021102003012497,ACLBSL,39,38,20,1399.0,27980.0,2021-10-20
2021102004009721,AKPL,56,47,50,459.0,22950.0,2021-10-20
2021102004009720,AKPL,25,47,50,459.0,22950.0,2021-10-20
2021102004009719,UMHL,6,19,10,396.0,3960.0,2021-10-20
2021102004009718,NHPC,53,34,25,366.4,9160.0,2021-10-20
2021102004009717,NHPC,53,13,10,366.2,3662.0,2021-10-20
2021102004009716,NHPC,53,58,500,365.0,182500.0,2021-10-20
2021102004009715,NHPC,53,22,90,365.0,32850.0,2021-10-20
2021102004009714,SHL,37,59,200,225.0,45000.0,2021-10-20
2021102004009713,AHPC,57,37,450,386.5,173925.0,2021-10-20
2021102004009712,AKPL,51,58,750,459.0,344250.0,2021-10-20
2021102001009649,NCCB,55,46,100,287.0,28700.0,2021-10-20
2021102003012496,PROFL,58,32,20,370.0,7400.0,2021-10-20
2021102003012495,PROFL,56,32,1000,370.0,370000.0,2021-10-20
2021102003012494,PROFL,37,32,925,371.0,343175.0,2021-10-20
2021102003012493,NIFRA,49,51,50,342.0,17100.0,2021-10-20
2021102004009711,LEC,11,56,1027,305.0,313235.0,2021-10-20
2021102004009710,SBCF,38,50,300,9.43,2829.0,2021-10-20
2021102004009709,KEF,45,57,500,9.5,4750.0,2021-10-20
2021102001009648,MBL,38,18,10,370.5,3705.0,2021-10-20
2021102003012492,NICLBSL,19,59,40,1085.0,43400.0,2021-10-20
2021102003012491,NICLBSL,19,8,10,1084.0,10840.0,2021-10-20
2021102003012490,ICFC,1,42,10,648.0,6480.0,2021-10-20
2021102005001231,ULI,43,44,10,568.1,5681.0,2021-10-20
2021102001009647,SANIMA,6,48,150,493.0,73950.0,2021-10-20
2021102003012489,CLBSL,25,28,89,1300.0,115700.0,2021-10-20
2021102003012488,LBBL,34,14,180,482.0,86760.0,2021-10-20
2021102001009646,CCBL,50,32,128,230.0,29440.0,2021-10-20
2021102003012487,PLI,11,51,200,580.0,116000.0,2021-10-20
2021102003012486,PLI,1,51,20,580.0,11600.0,2021-10-20
2021102003012485,PLI,38,51,80,580.0,46400.0,2021-10-20
2021102003012484,SAPDBL,55,48,90,341.0,30690.0,2021-10-20
2021102004009708,NIBLPF,28,4,5000,10.0,50000.0,2021-10-20
2021102004009707,AKJCL,45,45,200,299.2,59840.0,2021-10-20
2021102003012483,NIFRA,49,58,30,342.0,10260.0,2021-10-20
2021102003012482,GLICL,42,52,97,550.0,53350.0,2021-10-20
2021102001009645,NABIL,44,32,161,1459.9,235043.9,2021-10-20
2021102001009644,NABIL,44,43,50,1459.9,72995.0,2021-10-20
2021102001009643,NABIL,44,49,10,1459.0,14590.0,2021-10-20
2021102001009642,NABIL,44,4,100,1459.0,145900.0,2021-10-20
2021102001009641,NABIL,44,21,19,1459.0,27721.0,2021-10-20
2021102003012481,MLBL,6,59,16,577.0,9232.0,2021-10-20
2021102001009640,SBI,39,3,150,344.0,51600.0,2021-10-20
2021102004009706,LGIL,3,42,10,640.9,6409.0,2021-10-20
2021102003012480,LICN,25,3,100,1890.0,189000.0,2021-10-20
2021102003012479,LICN,41,3,400,1890.0,756000.0,2021-10-20
2021102003012478,MLBL,36,59,50,577.0,28850.0,2021-10-20
2021102003012477,SDLBSL,34,37,261,1400.1,365426.1,2021-10-20
2021102003012476,SDLBSL,32,37,39,1401.0,54639.0,2021-10-20
2021102001009639,SANIMA,41,48,50,493.0,24650.0,2021-10-20
2021102004009705,UPPER,35,43,130,576.5,74945.0,2021-10-20
2021102003012475,NUBL,6,44,50,1408.0,70400.0,2021-10-20
2021102004009704,AHPC,25,37,100,386.5,38650.0,2021-10-20
2021102003012474,NIFRA,49,53,225,342.0,76950.0,2021-10-20
2021102003012473,NIFRA,42,53,25,342.0,8550.0,2021-10-20
2021102004009703,PICL,11,45,200,638.0,127600.0,2021-10-20
2021102003012472,PFL,14,46,15,555.0,8325.0,2021-10-20
2021102003012471,PFL,14,59,25,555.0,13875.0,2021-10-20
2021102003012470,PFL,14,36,10,554.0,5540.0,2021-10-20
2021102003012469,NICLBSL,8,51,10,1083.1,10831.0,2021-10-20
2021102001009638,HDL,41,49,10,6672.0,66720.0,2021-10-20
2021102001009637,GBIME,35,39,73,380.0,27740.0,2021-10-20
2021102001009636,GBIME,34,39,138,380.0,52440.0,2021-10-20
2021102001009635,GBIME,41,39,500,380.0,190000.0,2021-10-20
2021102001009634,GBIME,48,39,100,380.0,38000.0,2021-10-20
2021102001009633,GBIME,47,39,53,380.0,20140.0,2021-10-20
2021102001009632,GBIME,49,39,50,380.0,19000.0,2021-10-20
2021102001009631,GBIME,57,39,500,380.0,190000.0,2021-10-20
2021102001009630,GBIME,57,39,500,380.0,190000.0,2021-10-20
2021102003012468,SAPDBL,41,17,100,341.5,34150.0,2021-10-20
2021102001009629,GBIME,41,39,30,380.0,11400.0,2021-10-20
2021102001009628,GBIME,38,39,80,380.0,30400.0,2021-10-20
2021102001009627,GBIME,50,39,500,380.0,190000.0,2021-10-20
2021102001009626,GBIME,35,39,466,380.1,177126.6,2021-10-20
2021102001009625,GBIME,38,39,10,380.2,3802.0,2021-10-20
2021102001009624,HDL,34,49,63,6672.0,420336.0,2021-10-20
2021102001009623,NBL,32,1,10,463.0,4630.0,2021-10-20
2021102005001230,JBLB,52,44,10,4333.0,43330.0,2021-10-20
2021102003012467,RLFL,34,3,400,492.1,196840.0,2021-10-20
2021102001009622,NBL,45,59,10,462.8,4628.0,2021-10-20
2021102003012466,RMDC,57,38,20,1418.0,28360.0,2021-10-20
2021102003012465,RMDC,57,57,10,1417.0,14170.0,2021-10-20
2021102003012464,CFCL,21,25,20,472.8,9456.0,2021-10-20
2021102003012463,NLIC,57,28,22,1627.0,35794.0,2021-10-20
2021102003012462,NIFRA,22,43,40,342.9,13716.0,2021-10-20
2021102003012461,JBBL,58,35,100,464.0,46400.0,2021-10-20
2021102004009702,UMHL,49,19,38,396.0,15048.0,2021-10-20
2021102004009701,UMHL,49,58,3849,396.0,1524204.0,2021-10-20
2021102004009700,UMHL,49,57,113,395.0,44635.0,2021-10-20
2021102003012460,RLFL,34,13,20,492.1,9842.0,2021-10-20
2021102003012459,NIFRA,42,29,35,342.0,11970.0,2021-10-20
2021102003012458,NIFRA,33,29,25,342.0,8550.0,2021-10-20
2021102003012457,BFC,34,51,43,408.0,17544.0,2021-10-20
2021102003012456,RLFL,34,59,300,492.1,147630.0,2021-10-20
2021102004009699,NHPC,42,22,10,365.0,3650.0,2021-10-20
2021102003012455,LBBL,34,13,705,481.0,339105.0,2021-10-20
2021102003012454,LBBL,52,13,100,481.0,48100.0,2021-10-20
2021102003012453,LBBL,46,13,50,482.0,24100.0,2021-10-20
2021102003012452,LBBL,36,13,135,482.0,65070.0,2021-10-20
2021102003012451,SADBL,39,40,26,379.0,9854.0,2021-10-20
2021102003012450,SADBL,57,40,100,379.1,37910.0,2021-10-20
2021102003012449,SADBL,39,40,24,379.9,9117.6,2021-10-20
2021102001009621,SANIMA,29,48,50,493.0,24650.0,2021-10-20
2021102003012448,GFCL,41,45,100,642.7,64270.0,2021-10-20
2021102001009620,SBI,5,33,20,345.9,6918.0,2021-10-20
2021102003012447,GBLBS,38,10,100,964.0,96400.0,2021-10-20
2021102001009619,GBIME,35,42,14,380.1,5321.4,2021-10-20
2021102004009698,RRHP,49,17,380,464.2,176396.0,2021-10-20
2021102004009697,RRHP,50,17,10,464.3,4643.0,2021-10-20
2021102004009696,RRHP,50,17,10,464.4,4644.0,2021-10-20
2021102004009695,RRHP,35,17,100,465.0,46500.0,2021-10-20
2021102004009694,AHPC,48,37,382,386.5,147643.0,2021-10-20
2021102004009693,AHPC,48,19,50,386.5,19325.0,2021-10-20
2021102003012446,MLBL,45,57,100,578.0,57800.0,2021-10-20
2021102003012445,LBBL,49,1,20,483.0,9660.0,2021-10-20
2021102003012444,SADBL,41,45,100,380.0,38000.0,2021-10-20
2021102003012443,GFCL,38,47,50,642.0,32100.0,2021-10-20
2021102004009692,CHCL,7,57,50,568.9,28445.0,2021-10-20
2021102004009691,LEC,11,6,173,305.0,52765.0,2021-10-20
2021102004009690,LEC,41,6,10,305.0,3050.0,2021-10-20
2021102004009689,LEC,58,6,100,305.0,30500.0,2021-10-20
2021102004009688,LEC,39,6,100,305.0,30500.0,2021-10-20
2021102003012442,ILBS,58,51,12,1625.0,19500.0,2021-10-20
2021102003012441,SWBBL,26,34,63,1550.0,97650.0,2021-10-20
2021102003012440,SWBBL,39,34,10,1551.0,15510.0,2021-10-20
2021102003012439,GUFL,28,28,343,815.0,279545.0,2021-10-20
2021102004009687,UNHPL,49,43,75,307.0,23025.0,2021-10-20
2021102004009686,UNHPL,49,39,25,307.0,7675.0,2021-10-20
2021102004009685,UPPER,58,39,50,577.0,28850.0,2021-10-20
2021102004009684,SPDL,6,51,100,380.0,38000.0,2021-10-20
2021102004009683,SPDL,50,51,50,380.0,19000.0,2021-10-20
2021102003012438,NLIC,57,49,20,1627.0,32540.0,2021-10-20
2021102003012437,NMFBS,33,43,50,2790.0,139500.0,2021-10-20
2021102005001229,JBLB,42,33,10,4332.0,43320.0,2021-10-20
2021102001009618,SRBL,56,19,200,302.5,60500.0,2021-10-20
2021102001009617,SRBL,32,19,200,302.6,60520.0,2021-10-20
2021102003012436,MNBBL,21,44,40,666.0,26640.0,2021-10-20
2021102001009616,GBIME,35,11,20,380.1,7602.0,2021-10-20
2021102001009615,GBIME,22,11,80,380.1,30408.0,2021-10-20
2021102001009614,GBIME,38,11,100,380.1,38010.0,2021-10-20
2021102001009613,GBIME,58,11,300,380.1,114030.0,2021-10-20
2021102004009682,AHPC,44,35,48,386.0,18528.0,2021-10-20
2021102004009681,LEC,21,56,20,306.0,6120.0,2021-10-20
2021102004009680,SPDL,50,3,100,380.0,38000.0,2021-10-20
2021102004009679,SPDL,57,3,25,380.0,9500.0,2021-10-20
2021102004009678,SPDL,10,3,75,380.0,28500.0,2021-10-20
2021102004009677,GIC,45,51,10,540.0,5400.0,2021-10-20
2021102003012435,GRDBL,34,34,900,368.0,331200.0,2021-10-20
2021102003012434,GRDBL,51,34,100,368.0,36800.0,2021-10-20
2021102003012433,GRDBL,34,34,5000,368.0,1840000.0,2021-10-20
2021102003012432,GRDBL,34,34,2000,368.0,736000.0,2021-10-20
2021102003012431,SIFC,34,14,198,439.0,86922.0,2021-10-20
2021102003012430,NLBBL,39,46,30,1355.0,40650.0,2021-10-20
2021102003012429,SIFC,55,14,100,439.0,43900.0,2021-10-20
2021102001009612,SANIMA,38,48,50,493.0,24650.0,2021-10-20
2021102001009611,SANIMA,26,48,100,493.0,49300.0,2021-10-20
2021102001009610,SANIMA,36,48,175,493.0,86275.0,2021-10-20
2021102001009609,NBB,1,57,20,390.0,7800.0,2021-10-20
2021102001009608,NBB,43,57,20,390.0,7800.0,2021-10-20
2021102001009607,NBB,58,57,30,390.0,11700.0,2021-10-20
2021102001009606,NBB,14,57,250,390.0,97500.0,2021-10-20
2021102001009605,NBB,33,57,2000,390.0,780000.0,2021-10-20
2021102001009604,NBB,36,57,30,390.0,11700.0,2021-10-20
2021102001009603,NBB,56,57,100,390.1,39010.0,2021-10-20
2021102001009602,NBB,45,57,100,390.1,39010.0,2021-10-20
2021102004009676,UPCL,28,49,60,327.8,19668.0,2021-10-20
2021102001009601,PCBL,57,49,50,462.0,23100.0,2021-10-20
2021102003012428,NIFRA,33,49,50,342.0,17100.0,2021-10-20
2021102001009600,MEGA,36,57,900,311.9,280710.0,2021-10-20
2021102001009599,MEGA,36,19,100,311.8,31180.0,2021-10-20
2021102004009675,SSHL,58,45,258,305.4,78793.2,2021-10-20
2021102004009674,SSHL,58,6,32,305.3,9769.6,2021-10-20
2021102004009673,SSHL,58,10,110,305.0,33550.0,2021-10-20
2021102004009672,SSHL,58,4,1950,305.0,594750.0,2021-10-20
2021102004009671,SSHL,58,34,150,305.0,45750.0,2021-10-20
2021102004009670,SPDL,10,47,225,380.0,85500.0,2021-10-20
2021102004009669,SPDL,20,47,50,380.0,19000.0,2021-10-20
2021102004009668,SPDL,48,47,10,380.0,3800.0,2021-10-20
2021102004009667,SPDL,57,47,100,380.0,38000.0,2021-10-20
2021102004009666,SPDL,51,47,50,380.0,19000.0,2021-10-20
2021102004009665,SPDL,59,47,15,380.0,5700.0,2021-10-20
2021102003012427,NLIC,59,49,80,1627.0,130160.0,2021-10-20
2021102003012426,NLIC,59,6,20,1627.0,32540.0,2021-10-20
2021102001009598,HDL,34,45,137,6672.0,914064.0,2021-10-20
2021102001009597,HDL,45,45,30,6672.1,200163.0,2021-10-20
2021102001009596,HDL,25,45,10,6673.0,66730.0,2021-10-20
2021102001009595,HDL,33,45,10,6675.0,66750.0,2021-10-20
2021102001009594,HDL,21,45,10,6675.1,66751.0,2021-10-20
2021102003012425,SLBSL,51,22,10,1236.0,12360.0,2021-10-20
2021102004009664,UPCL,28,58,100,327.8,32780.0,2021-10-20
2021102004009663,NHPC,42,55,837,367.0,307179.0,2021-10-20
2021102004009662,NHPC,42,38,3000,366.9,1100700.0,2021-10-20
2021102004009661,NHPC,42,48,1000,366.5,366500.0,2021-10-20
2021102004009660,NHPC,42,18,163,366.0,59658.0,2021-10-20
2021102003012424,KSBBL,10,1,72,658.0,47376.0,2021-10-20
2021102003012423,PLIC,39,52,100,830.0,83000.0,2021-10-20
2021102003012422,DDBL,50,28,20,1233.0,24660.0,2021-10-20
2021102003012421,DDBL,50,7,30,1230.0,36900.0,2021-10-20
2021102004009659,RADHI,52,13,13,529.0,6877.0,2021-10-20
2021102003012420,KSBBL,1,7,10,660.0,6600.0,2021-10-20
2021102004009658,UPCL,28,36,40,327.8,13112.0,2021-10-20
2021102004009657,UPCL,28,16,60,327.8,19668.0,2021-10-20
2021102004009656,UPCL,28,58,200,327.8,65560.0,2021-10-20
2021102004009655,UPCL,28,35,500,327.8,163900.0,2021-10-20
2021102004009654,UPCL,28,49,200,327.8,65560.0,2021-10-20
2021102004009653,UPCL,28,58,100,327.8,32780.0,2021-10-20
2021102004009652,UPCL,28,22,300,327.8,98340.0,2021-10-20
2021102004009651,UPCL,28,52,65,327.8,21307.0,2021-10-20
2021102004009650,GIC,45,26,32,539.0,17248.0,2021-10-20
2021102004009649,GIC,45,32,10,535.0,5350.0,2021-10-20
2021102004009648,GIC,45,47,10,535.0,5350.0,2021-10-20
2021102005001228,SLI,37,22,10,518.0,5180.0,2021-10-20
2021102003012419,NICLBSL,58,59,30,1085.0,32550.0,2021-10-20
2021102003012418,HIDCL,58,58,50,300.0,15000.0,2021-10-20
2021102003012417,HIDCL,22,58,50,300.0,15000.0,2021-10-20
2021102004009647,AIL,57,51,10,672.1,6721.0,2021-10-20
2021102004009646,SHPC,37,48,10,370.0,3700.0,2021-10-20
2021102005001227,SLI,37,49,10,518.0,5180.0,2021-10-20
2021102004009645,HGI,58,57,40,626.0,25040.0,2021-10-20
