contract,symbol,buyer,seller,qty,rate,amt,date
2021101904000019,SJCL,50,55,10,350.0,3500.0,2021-10-19
2021101904000013,RHPL,50,33,400,340.0,136000.0,2021-10-19
2021101903000005,MLBL,48,29,90,590.0,53100.0,2021-10-19
2021101904000008,UPPER,20,14,20,575.0,11500.0,2021-10-19
2021101903000014,SADBL,25,26,30,380.0,11400.0,2021-10-19
2021101901000010,HDL,56,59,10,6606.0,66060.0,2021-10-19
2021101903000008,MLBL,48,57,100,594.6,59460.0,2021-10-19
2021101903000013,MLBL,37,48,10,582.8,5828.0,2021-10-19
2021101903000006,MLBL,48,34,130,592.0,76960.0,2021-10-19
2021101905000007,JBLB,57,38,35,4300.0,150500.0,2021-10-19
2021101903000016,MLBL,37,43,15,582.8,8742.0,2021-10-19
2021101904000020,STC,59,41,10,6704.0,67040.0,2021-10-19
2021101903000011,MLBL,48,17,440,600.0,264000.0,2021-10-19
2021101903000007,MLBL,48,46,90,594.0,53460.0,2021-10-19
2021101901000008,MBL,14,51,50,370.0,18500.0,2021-10-19
2021101901000007,NABIL,33,39,60,1448.0,86880.0,2021-10-19
2021101903000012,CHDC,46,18,10,763.5,7635.0,2021-10-19
2021101904000017,AHPC,34,33,250,389.0,97250.0,2021-10-19
2021101904000018,GLH,41,14,10,383.3,3833.0,2021-10-19
2021101904000011,STC,38,58,10,6650.0,66500.0,2021-10-19
2021101903000019,MDB,35,20,100,573.4,57340.0,2021-10-19
2021101904000009,STC,38,55,10,6704.0,67040.0,2021-10-19
2021101903000009,MLBL,48,54,100,595.0,59500.0,2021-10-19
2021101904000015,AHPC,34,47,200,384.0,76800.0,2021-10-19
2021101903000010,MLBL,48,35,50,600.0,30000.0,2021-10-19
2021101905000006,JBLB,43,33,30,4302.2,129066.0,2021-10-19
2021101903000015,MLBBL,52,13,90,1950.0,175500.0,2021-10-19
2021101904000010,UPPER,53,14,80,575.0,46000.0,2021-10-19
2021101904000014,PPCL,58,48,50,381.0,19050.0,2021-10-19
2021101905000008,JBLB,57,33,825,4302.2,3549315.0,2021-10-19
2021101904000007,STC,28,35,10,6700.0,67000.0,2021-10-19
2021101903000017,MLBL,37,43,50,582.8,29140.0,2021-10-19
2021101904000012,API,32,28,30,406.0,12180.0,2021-10-19
2021101903000018,HIDCL,52,19,80,300.0,24000.0,2021-10-19
2021101901000009,NMB,54,58,50,400.0,20000.0,2021-10-19
2021101904000016,AHPC,34,21,50,385.0,19250.0,2021-10-19
2021101903020616,MERO,48,52,100,1407.6,140760.0,2021-10-19
2021101903020615,MERO,48,37,30,1407.6,42228.0,2021-10-19
2021101903020614,MERO,48,48,100,1407.0,140700.0,2021-10-19
2021101903020613,MERO,48,6,134,1407.0,188538.0,2021-10-19
2021101903020612,MERO,48,22,20,1405.0,28100.0,2021-10-19
2021101903020611,MERO,48,28,20,1405.0,28100.0,2021-10-19
2021101903020610,MERO,48,50,100,1405.0,140500.0,2021-10-19
2021101903020609,MERO,48,10,230,1400.0,322000.0,2021-10-19
2021101903020608,MERO,48,59,50,1400.0,70000.0,2021-10-19
2021101903020607,MERO,48,33,100,1395.0,139500.0,2021-10-19
2021101903020606,MERO,48,1,40,1394.0,55760.0,2021-10-19
2021101903020605,MERO,48,47,100,1380.0,138000.0,2021-10-19
2021101903020604,MERO,48,50,100,1380.0,138000.0,2021-10-19
2021101903020603,MERO,48,42,10,1380.0,13800.0,2021-10-19
2021101903020602,MERO,48,58,22,1360.6,29933.2,2021-10-19
2021101903020601,MERO,48,48,10,1360.0,13600.0,2021-10-19
2021101901015465,CZBIL,6,34,54,295.0,15930.0,2021-10-19
2021101903020600,MERO,48,42,60,1356.0,81360.0,2021-10-19
2021101901015464,CZBIL,6,34,146,295.0,43070.0,2021-10-19
2021101903020599,MERO,48,53,100,1355.5,135550.0,2021-10-19
2021101903020598,MERO,48,50,100,1355.0,135500.0,2021-10-19
2021101903020597,MERO,48,26,200,1353.0,270600.0,2021-10-19
2021101903020596,MERO,48,58,135,1353.0,182655.0,2021-10-19
2021101903020595,MERO,48,57,20,1352.0,27040.0,2021-10-19
2021101903020594,MERO,48,37,50,1350.0,67500.0,2021-10-19
2021101903020593,MERO,48,33,30,1350.0,40500.0,2021-10-19
2021101903020592,MERO,48,25,100,1350.0,135000.0,2021-10-19
2021101903020591,MERO,48,4,300,1340.0,402000.0,2021-10-19
2021101903020590,MERO,48,58,200,1338.0,267600.0,2021-10-19
2021101903020589,MERO,48,51,100,1330.0,133000.0,2021-10-19
2021101903020588,MERO,48,36,150,1329.0,199350.0,2021-10-19
2021101903020587,MERO,48,57,50,1329.0,66450.0,2021-10-19
2021101903020586,MERO,48,29,40,1327.0,53080.0,2021-10-19
2021101903020585,MERO,48,51,200,1325.0,265000.0,2021-10-19
2021101903020584,MERO,48,7,210,1324.0,278040.0,2021-10-19
2021101903020583,MERO,48,28,100,1323.0,132300.0,2021-10-19
2021101901015463,PRVU,48,29,200,371.0,74200.0,2021-10-19
2021101903020582,CBBL,28,48,50,1644.0,82200.0,2021-10-19
2021101905002004,ULI,45,28,10,560.3,5603.0,2021-10-19
2021101904016367,UMHL,58,21,100,364.0,36400.0,2021-10-19
2021101903020581,GUFL,28,32,10,773.0,7730.0,2021-10-19
2021101904016366,CMF2,45,4,1800,9.51,17118.0,2021-10-19
2021101903020570,SINDU,33,58,80,393.0,31440.0,2021-10-19
2021101903020569,SINDU,33,57,30,392.0,11760.0,2021-10-19
2021101903020568,EDBL,57,49,10,530.0,5300.0,2021-10-19
2021101903020567,MLBL,48,57,210,579.0,121590.0,2021-10-19
2021101903020566,MLBL,48,57,300,578.8,173640.0,2021-10-19
2021101901015444,MBL,52,21,54,363.8,19645.2,2021-10-19
2021101903020565,MLBL,48,45,398,578.0,230044.0,2021-10-19
2021101901015462,PRVU,55,29,10,371.0,3710.0,2021-10-19
2021101901015461,SBI,5,39,93,340.0,31620.0,2021-10-19
2021101901015460,SBI,5,5,107,340.0,36380.0,2021-10-19
2021101901015459,NCCB,56,49,10,281.0,2810.0,2021-10-19
2021101901015458,GBIME,42,14,20,373.0,7460.0,2021-10-19
2021101901015457,GBIME,42,11,150,373.0,55950.0,2021-10-19
2021101901015456,GBIME,42,52,20,373.0,7460.0,2021-10-19
2021101901015455,GBIME,42,22,10,373.0,3730.0,2021-10-19
2021101904016365,NHPC,1,52,2000,334.0,668000.0,2021-10-19
2021101904016364,MEN,40,46,25,1088.3,27207.5,2021-10-19
2021101904016363,MEN,40,7,40,1088.2,43528.0,2021-10-19
2021101904016362,MEN,40,58,10,1088.0,10880.0,2021-10-19
2021101904016361,MEN,40,39,75,1074.0,80550.0,2021-10-19
2021101903020580,NRIC,7,7,10,1218.0,12180.0,2021-10-19
2021101903020579,NFS,29,58,40,465.0,18600.0,2021-10-19
2021101903020578,NFS,29,55,10,465.0,4650.0,2021-10-19
2021101903020577,SADBL,22,21,300,358.8,107640.0,2021-10-19
2021101903020576,SADBL,22,21,151,358.8,54178.8,2021-10-19
2021101903020575,LBBL,36,22,105,462.0,48510.0,2021-10-19
2021101901015454,NBL,36,38,50,458.5,22925.0,2021-10-19
2021101901015453,NBL,49,38,100,458.5,45850.0,2021-10-19
2021101903020574,NABBC,38,38,10,682.0,6820.0,2021-10-19
2021101901015452,NCCB,11,46,92,280.0,25760.0,2021-10-19
2021101901015451,NCCB,45,46,50,280.0,14000.0,2021-10-19
2021101901015450,NCCB,45,46,100,280.0,28000.0,2021-10-19
2021101901015449,NCCB,8,46,10,280.0,2800.0,2021-10-19
2021101901015448,NCCB,8,46,500,280.0,140000.0,2021-10-19
2021101901015447,NCCB,26,46,200,280.1,56020.0,2021-10-19
2021101901015446,NCCB,41,46,150,280.1,42015.0,2021-10-19
2021101901015445,NCCB,58,46,500,280.1,140050.0,2021-10-19
2021101903020573,HIDCL,33,52,20,292.0,5840.0,2021-10-19
2021101903020572,SINDU,33,52,312,398.0,124176.0,2021-10-19
2021101903020571,SINDU,33,4,78,396.0,30888.0,2021-10-19
2021101903020564,MLBL,48,52,500,577.0,288500.0,2021-10-19
2021101903020563,MLBL,48,57,500,577.0,288500.0,2021-10-19
2021101903020562,MLBL,48,58,100,573.2,57320.0,2021-10-19
2021101903020561,MLBL,48,40,300,573.2,171960.0,2021-10-19
2021101903020560,MLBL,48,51,100,573.0,57300.0,2021-10-19
2021101903020559,MLBL,48,42,200,573.0,114600.0,2021-10-19
2021101903020558,MLBL,48,36,50,573.0,28650.0,2021-10-19
2021101903020557,MLBL,48,57,400,572.7,229080.0,2021-10-19
2021101903020556,MLBL,48,33,500,572.5,286250.0,2021-10-19
2021101903020555,MLBL,48,35,500,572.0,286000.0,2021-10-19
2021101903020554,MLBL,48,48,200,572.0,114400.0,2021-10-19
2021101903020553,MLBL,48,45,222,572.0,126984.0,2021-10-19
2021101903020552,MLBL,48,28,2000,571.2,1142400.0,2021-10-19
2021101903020551,MLBL,48,1,100,571.0,57100.0,2021-10-19
2021101903020550,MLBL,48,55,100,570.0,57000.0,2021-10-19
2021101903020549,MLBL,48,16,500,570.0,285000.0,2021-10-19
2021101903020548,MLBL,48,21,20,570.0,11400.0,2021-10-19
2021101903020547,MLBL,48,21,200,570.0,114000.0,2021-10-19
2021101903020546,MLBL,48,48,200,569.1,113820.0,2021-10-19
2021101903020545,MLBL,48,52,50,567.1,28355.0,2021-10-19
2021101903020544,MLBL,48,59,10,567.0,5670.0,2021-10-19
2021101903020543,MLBL,48,53,4000,565.0,2260000.0,2021-10-19
2021101903020542,MLBL,48,29,40,565.0,22600.0,2021-10-19
2021101903020541,MLBL,48,57,350,565.0,197750.0,2021-10-19
2021101903020540,MLBL,48,26,10,565.0,5650.0,2021-10-19
2021101903020539,MLBL,48,17,100,565.0,56500.0,2021-10-19
2021101903020538,MLBL,48,54,30,564.0,16920.0,2021-10-19
2021101903020537,MLBL,48,28,100,564.0,56400.0,2021-10-19
2021101903020536,MLBL,48,38,681,564.0,384084.0,2021-10-19
2021101903020535,MLBL,48,48,1000,564.0,564000.0,2021-10-19
2021101903020534,MLBL,48,33,500,563.5,281750.0,2021-10-19
2021101903020533,MLBL,48,44,500,563.0,281500.0,2021-10-19
2021101903020532,MLBL,48,21,18,563.0,10134.0,2021-10-19
2021101903020531,MLBL,48,16,1000,563.0,563000.0,2021-10-19
2021101903020530,MLBL,48,37,10,563.0,5630.0,2021-10-19
2021101903020529,MLBL,48,51,101,563.0,56863.0,2021-10-19
2021101903020528,MLBL,48,58,20,562.0,11240.0,2021-10-19
2021101903020527,MLBL,48,44,100,561.1,56110.0,2021-10-19
2021101903020526,MLBL,48,50,500,561.0,280500.0,2021-10-19
2021101903020525,MLBL,48,48,1000,561.0,561000.0,2021-10-19
2021101903020524,MLBL,48,6,30,561.0,16830.0,2021-10-19
2021101903020523,MLBL,48,21,200,560.0,112000.0,2021-10-19
2021101903020522,MLBL,48,45,100,560.0,56000.0,2021-10-19
2021101903020521,MLBL,48,55,100,560.0,56000.0,2021-10-19
2021101903020520,MLBL,48,37,200,559.0,111800.0,2021-10-19
2021101903020519,MLBL,48,5,100,559.0,55900.0,2021-10-19
2021101903020518,MLBL,48,42,200,559.0,111800.0,2021-10-19
2021101903020517,MLBL,48,33,440,559.0,245960.0,2021-10-19
2021101903020516,MLBL,48,41,250,556.0,139000.0,2021-10-19
2021101903020515,MLBL,48,35,200,556.0,111200.0,2021-10-19
2021101903020514,MLBL,48,38,100,555.0,55500.0,2021-10-19
2021101903020513,MLBL,48,50,50,555.0,27750.0,2021-10-19
2021101903020512,MLBL,48,42,10,555.0,5550.0,2021-10-19
2021101903020511,MLBL,48,21,100,555.0,55500.0,2021-10-19
2021101903020510,MLBL,48,34,100,554.0,55400.0,2021-10-19
2021101901015443,NICA,48,45,27,791.0,21357.0,2021-10-19
2021101903020509,MLBL,48,32,100,553.0,55300.0,2021-10-19
2021101901015442,NICA,48,38,73,791.0,57743.0,2021-10-19
2021101903020508,NICLBSL,34,29,14,1097.0,15358.0,2021-10-19
2021101903020507,NICLBSL,34,7,15,1096.0,16440.0,2021-10-19
2021101903020506,NICLBSL,34,56,30,1096.0,32880.0,2021-10-19
2021101903020505,NICLBSL,34,26,10,1093.0,10930.0,2021-10-19
2021101903020504,NICLBSL,34,42,31,1092.0,33852.0,2021-10-19
2021101903020503,SFCL,25,4,50,408.0,20400.0,2021-10-19
2021101901015441,PRVU,35,29,50,371.0,18550.0,2021-10-19
2021101904016360,RRHP,58,50,75,459.0,34425.0,2021-10-19
2021101904016359,RRHP,58,32,40,453.0,18120.0,2021-10-19
2021101904016358,RRHP,58,45,100,450.1,45010.0,2021-10-19
2021101904016357,RRHP,58,34,55,450.0,24750.0,2021-10-19
2021101904016356,RRHP,58,1,400,449.9,179960.0,2021-10-19
2021101904016355,RRHP,58,19,20,445.0,8900.0,2021-10-19
2021101904016354,RRHP,58,19,10,445.0,4450.0,2021-10-19
2021101904016353,RRHP,58,54,20,445.0,8900.0,2021-10-19
2021101904016352,RRHP,58,7,40,443.7,17748.0,2021-10-19
2021101901015440,NICA,13,38,10,791.0,7910.0,2021-10-19
2021101904016351,RRHP,58,57,100,442.6,44260.0,2021-10-19
2021101904016350,RRHP,58,57,100,441.6,44160.0,2021-10-19
2021101904016349,RRHP,58,20,6000,439.6,2637600.0,2021-10-19
2021101904016348,RRHP,58,45,200,439.6,87920.0,2021-10-19
2021101904016347,RRHP,58,21,140,439.6,61544.0,2021-10-19
2021101904016346,RRHP,58,1,500,439.6,219800.0,2021-10-19
2021101904016345,RRHP,58,57,50,439.0,21950.0,2021-10-19
2021101904016344,RRHP,58,41,200,438.9,87780.0,2021-10-19
2021101904016343,RRHP,58,58,2000,438.0,876000.0,2021-10-19
2021101904016342,RRHP,58,19,60,438.0,26280.0,2021-10-19
2021101904016341,RRHP,58,55,610,436.5,266265.0,2021-10-19
2021101904016340,RRHP,58,38,300,436.3,130890.0,2021-10-19
2021101904016339,RRHP,58,26,100,436.2,43620.0,2021-10-19
2021101904016338,RRHP,58,1,500,436.0,218000.0,2021-10-19
2021101904016337,RRHP,58,21,1000,435.0,435000.0,2021-10-19
2021101904016336,RRHP,58,57,151,434.9,65669.9,2021-10-19
2021101904016335,RRHP,58,46,400,434.0,173600.0,2021-10-19
2021101904016334,RRHP,58,29,500,432.0,216000.0,2021-10-19
2021101904016333,RRHP,58,38,50,432.0,21600.0,2021-10-19
2021101904016332,RRHP,58,16,150,431.9,64785.0,2021-10-19
2021101904016331,RRHP,58,43,1029,430.0,442470.0,2021-10-19
2021101903020502,MNBBL,58,50,60,649.0,38940.0,2021-10-19
2021101904016330,RRHP,58,42,100,428.1,42810.0,2021-10-19
2021101903020501,MNBBL,58,50,30,649.0,19470.0,2021-10-19
2021101903020500,MLBBL,53,58,10,1948.0,19480.0,2021-10-19
2021101901015439,SBL,56,22,350,434.0,151900.0,2021-10-19
2021101901015438,SBL,56,13,150,433.9,65085.0,2021-10-19
2021101901015437,SRBL,19,7,50,296.0,14800.0,2021-10-19
2021101901015436,NICA,19,38,417,791.0,329847.0,2021-10-19
2021101901015435,NICA,19,34,45,791.0,35595.0,2021-10-19
2021101901015434,NICA,19,18,38,791.0,30058.0,2021-10-19
2021101903020499,SWBBL,59,37,100,1540.0,154000.0,2021-10-19
2021101901015433,BOKL,59,21,50,317.0,15850.0,2021-10-19
2021101903020498,SDLBSL,38,4,46,1769.0,81374.0,2021-10-19
2021101904016329,SPDL,4,11,50,363.0,18150.0,2021-10-19
2021101904016328,SPDL,4,59,25,363.0,9075.0,2021-10-19
2021101901015432,NABIL,49,49,230,1431.0,329130.0,2021-10-19
2021101905002003,SLI,16,16,10,516.0,5160.0,2021-10-19
2021101903020497,GBLBS,16,42,10,938.9,9389.0,2021-10-19
2021101903020496,RLI,16,26,50,479.9,23995.0,2021-10-19
2021101904016327,MEN,47,39,95,1074.0,102030.0,2021-10-19
2021101904016326,MEN,47,21,10,1055.0,10550.0,2021-10-19
2021101904016325,MEN,47,46,50,1055.0,52750.0,2021-10-19
2021101904016324,MEN,47,11,10,1055.0,10550.0,2021-10-19
2021101904016323,BARUN,47,25,18,364.0,6552.0,2021-10-19
2021101904016322,BARUN,47,39,500,360.0,180000.0,2021-10-19
2021101904016321,BARUN,47,42,60,360.0,21600.0,2021-10-19
2021101903020495,NIFRA,1,54,10,335.0,3350.0,2021-10-19
2021101903020494,BFC,57,58,20,387.0,7740.0,2021-10-19
2021101901015431,MEGA,4,34,30,301.6,9048.0,2021-10-19
2021101903020493,MLBBL,34,58,10,1948.0,19480.0,2021-10-19
2021101904016320,UMHL,50,51,77,362.0,27874.0,2021-10-19
2021101903020492,SLBBL,51,53,10,1489.0,14890.0,2021-10-19
2021101901015430,MEGA,28,40,1000,301.9,301900.0,2021-10-19
2021101904016319,OHL,32,45,10,471.0,4710.0,2021-10-19
2021101903020491,SFCL,53,40,49,403.0,19747.0,2021-10-19
2021101904016318,NHPC,22,52,30,334.0,10020.0,2021-10-19
2021101904016317,NHPC,22,34,10,334.0,3340.0,2021-10-19
2021101904016316,API,36,21,853,393.0,335229.0,2021-10-19
2021101904016315,API,36,35,500,392.9,196450.0,2021-10-19
2021101904016314,TRH,5,49,100,336.0,33600.0,2021-10-19
2021101901015429,PCBL,53,49,10,447.9,4479.0,2021-10-19
2021101903020490,PFL,19,20,130,520.0,67600.0,2021-10-19
2021101903020489,PFL,21,20,10,524.0,5240.0,2021-10-19
2021101904016313,GHL,25,50,10,294.0,2940.0,2021-10-19
2021101904016312,GHL,55,50,50,297.0,14850.0,2021-10-19
2021101903020488,JSLBB,18,20,10,3167.0,31670.0,2021-10-19
2021101904016311,BARUN,3,42,10,360.0,3600.0,2021-10-19
2021101904016310,BARUN,3,47,15,357.0,5355.0,2021-10-19
2021101903020487,MLBL,18,32,200,553.0,110600.0,2021-10-19
2021101901015428,NABIL,6,11,50,1431.5,71575.0,2021-10-19
2021101903020486,RSDC,34,42,82,806.0,66092.0,2021-10-19
2021101903020485,RSDC,34,32,20,800.0,16000.0,2021-10-19
2021101903020484,RSDC,34,40,200,800.0,160000.0,2021-10-19
2021101903020483,RSDC,34,17,48,796.0,38208.0,2021-10-19
2021101904016309,RHPC,32,39,10,589.0,5890.0,2021-10-19
2021101904016308,SHPC,45,59,210,356.0,74760.0,2021-10-19
2021101904016307,SHPC,45,16,25,355.8,8895.0,2021-10-19
2021101904016306,SHPC,45,45,100,355.0,35500.0,2021-10-19
2021101904016305,SHPC,45,42,50,355.0,17750.0,2021-10-19
2021101904016304,SHPC,45,22,215,355.0,76325.0,2021-10-19
2021101901015427,PCBL,45,25,100,448.0,44800.0,2021-10-19
2021101903020482,SFCL,55,40,10,403.0,4030.0,2021-10-19
2021101903020481,SLICL,42,17,40,750.0,30000.0,2021-10-19
2021101901015426,PCBL,21,25,100,448.0,44800.0,2021-10-19
2021101901015425,PRVU,29,29,50,371.0,18550.0,2021-10-19
2021101904016303,RURU,14,42,10,970.0,9700.0,2021-10-19
2021101904016302,RURU,14,17,10,955.0,9550.0,2021-10-19
2021101904016301,RURU,14,38,70,954.0,66780.0,2021-10-19
2021101904016300,RURU,14,57,10,953.9,9539.0,2021-10-19
2021101904016299,RURU,14,57,10,948.0,9480.0,2021-10-19
2021101904016298,RURU,14,57,10,948.0,9480.0,2021-10-19
2021101903020480,MLBBL,14,58,10,1948.0,19480.0,2021-10-19
2021101904016297,RURU,28,38,33,930.0,30690.0,2021-10-19
2021101904016296,RURU,17,38,37,930.0,34410.0,2021-10-19
2021101904016295,RURU,58,38,10,930.1,9301.0,2021-10-19
2021101904016294,RURU,56,38,20,930.2,18604.0,2021-10-19
2021101904016293,UPPER,3,47,200,558.0,111600.0,2021-10-19
2021101901015424,CCBL,47,34,137,228.9,31359.3,2021-10-19
2021101901015423,CCBL,47,16,20,228.8,4576.0,2021-10-19
2021101903020479,CBBL,5,47,109,1640.0,178760.0,2021-10-19
2021101901015422,CCBL,47,46,30,228.8,6864.0,2021-10-19
2021101901015421,CCBL,47,38,30,228.0,6840.0,2021-10-19
2021101903020478,CBBL,45,47,10,1640.0,16400.0,2021-10-19
2021101901015420,CCBL,47,17,11,228.0,2508.0,2021-10-19
2021101903020477,CBBL,48,47,11,1640.0,18040.0,2021-10-19
2021101901015419,CCBL,47,53,272,228.0,62016.0,2021-10-19
2021101903020476,CBBL,32,47,20,1640.0,32800.0,2021-10-19
2021101904016292,HURJA,33,37,10,383.0,3830.0,2021-10-19
2021101903020475,GMFIL,19,34,100,432.4,43240.0,2021-10-19
2021101904016291,UMHL,58,28,97,365.0,35405.0,2021-10-19
2021101904016290,UMHL,58,8,10,364.9,3649.0,2021-10-19
2021101904016289,UMHL,58,28,200,364.0,72800.0,2021-10-19
2021101904016288,UMHL,58,8,10,364.0,3640.0,2021-10-19
2021101904016287,UMHL,58,8,10,364.0,3640.0,2021-10-19
2021101904016286,UMHL,58,8,10,363.0,3630.0,2021-10-19
2021101904016285,UMHL,58,13,423,363.0,153549.0,2021-10-19
2021101904016284,UMHL,58,8,10,362.9,3629.0,2021-10-19
2021101904016283,UMHL,58,8,10,362.8,3628.0,2021-10-19
2021101904016282,UMHL,58,8,10,362.7,3627.0,2021-10-19
2021101904016281,UMHL,58,8,10,362.6,3626.0,2021-10-19
2021101903020474,MDB,45,45,10,556.0,5560.0,2021-10-19
2021101905002002,ULI,45,22,200,560.3,112060.0,2021-10-19
2021101904016280,RRHP,39,58,15000,428.0,6420000.0,2021-10-19
2021101903020473,SDLBSL,57,17,200,1762.0,352400.0,2021-10-19
2021101904016279,CMF2,21,4,1500,9.51,14265.0,2021-10-19
2021101903020472,NRIC,19,42,20,1219.0,24380.0,2021-10-19
2021101903020471,GILB,33,7,13,2080.0,27040.0,2021-10-19
2021101901015418,MEGA,33,40,100,301.9,30190.0,2021-10-19
2021101901015417,SHIVM,57,39,25,1210.0,30250.0,2021-10-19
2021101904016278,SHEL,28,54,10,382.0,3820.0,2021-10-19
2021101903020470,DDBL,39,38,20,1212.1,24242.0,2021-10-19
2021101904016277,UPCL,42,21,100,298.0,29800.0,2021-10-19
2021101901015416,NMB,5,19,48,390.0,18720.0,2021-10-19
2021101901015415,NMB,5,45,63,390.0,24570.0,2021-10-19
2021101904016276,RHPC,5,39,10,589.0,5890.0,2021-10-19
2021101903020469,SLBSL,19,16,10,1245.0,12450.0,2021-10-19
2021101903020468,SHINE,22,51,100,428.0,42800.0,2021-10-19
2021101904016275,LGIL,10,52,350,615.1,215285.0,2021-10-19
2021101904016274,LGIL,42,52,50,616.0,30800.0,2021-10-19
2021101904016273,LGIL,49,52,100,617.0,61700.0,2021-10-19
2021101901015414,NMB,1,45,100,390.0,39000.0,2021-10-19
2021101904016272,PRIN,6,42,10,746.0,7460.0,2021-10-19
2021101904016271,NHPC,48,4,2732,333.0,909756.0,2021-10-19
2021101904016270,NHDL,38,48,50,388.0,19400.0,2021-10-19
2021101904016269,NHDL,57,48,100,390.0,39000.0,2021-10-19
2021101904016268,UNHPL,14,34,30,289.0,8670.0,2021-10-19
2021101901015413,CBL,34,21,10,231.0,2310.0,2021-10-19
2021101903020461,NTC,45,45,30,995.0,29850.0,2021-10-19
2021101903020460,NTC,45,36,100,995.0,99500.0,2021-10-19
2021101901015410,CBL,58,21,100,231.0,23100.0,2021-10-19
2021101903020459,NTC,45,4,60,995.0,59700.0,2021-10-19
2021101903020458,NTC,45,41,100,995.0,99500.0,2021-10-19
2021101903020457,NTC,45,38,10,993.9,9939.0,2021-10-19
2021101903020456,NTC,45,4,20,993.0,19860.0,2021-10-19
2021101903020455,NTC,45,45,60,990.0,59400.0,2021-10-19
2021101903020454,NTC,45,37,100,990.0,99000.0,2021-10-19
2021101903020453,NTC,45,57,80,990.0,79200.0,2021-10-19
2021101903020452,NTC,45,7,50,989.0,49450.0,2021-10-19
2021101903020451,NTC,45,52,120,989.0,118680.0,2021-10-19
2021101901015409,GBIME,45,52,40,373.0,14920.0,2021-10-19
2021101901015408,NICA,45,18,200,791.0,158200.0,2021-10-19
2021101903020450,CFCL,41,5,50,445.0,22250.0,2021-10-19
2021101901015407,NICA,45,14,180,790.2,142236.0,2021-10-19
2021101903020449,SLBSL,19,16,10,1245.0,12450.0,2021-10-19
2021101901015406,NICA,40,14,50,790.2,39510.0,2021-10-19
2021101901015405,NICA,5,14,50,790.2,39510.0,2021-10-19
2021101901015404,NICA,33,14,100,790.3,79030.0,2021-10-19
2021101901015403,NICA,51,14,50,790.5,39525.0,2021-10-19
2021101901015402,NICA,45,14,50,790.6,39530.0,2021-10-19
2021101903020467,SHINE,25,51,117,428.0,50076.0,2021-10-19
2021101903020466,RLFL,43,35,10,462.0,4620.0,2021-10-19
2021101903020465,RLFL,45,35,130,462.9,60177.0,2021-10-19
2021101901015412,NICA,41,13,30,790.1,23703.0,2021-10-19
2021101903020464,RLFL,45,35,10,463.0,4630.0,2021-10-19
2021101901015411,NICA,45,13,20,790.2,15804.0,2021-10-19
2021101903020463,NFS,13,55,115,465.0,53475.0,2021-10-19
2021101903020462,SDLBSL,57,51,100,1762.0,176200.0,2021-10-19
2021101903020448,DDBL,19,38,20,1212.1,24242.0,2021-10-19
2021101903020447,CBBL,32,49,50,1640.0,82000.0,2021-10-19
2021101903020446,CBBL,5,49,10,1641.0,16410.0,2021-10-19
2021101903020445,CBBL,52,49,20,1642.0,32840.0,2021-10-19
2021101903020444,CBBL,49,49,10,1642.0,16420.0,2021-10-19
2021101903020443,CBBL,57,49,10,1643.0,16430.0,2021-10-19
2021101903020442,NUBL,35,49,87,1400.0,121800.0,2021-10-19
2021101903020441,NUBL,58,49,10,1400.0,14000.0,2021-10-19
2021101903020440,NUBL,39,49,50,1405.0,70250.0,2021-10-19
2021101904016267,BBC,50,6,10,5000.0,50000.0,2021-10-19
2021101901015401,NICA,45,6,400,790.6,316240.0,2021-10-19
2021101901015400,NICA,17,6,100,790.7,79070.0,2021-10-19
2021101901015399,MEGA,35,48,30,301.0,9030.0,2021-10-19
2021101901015398,MEGA,42,48,300,301.0,90300.0,2021-10-19
2021101901015397,MEGA,40,48,100,301.0,30100.0,2021-10-19
2021101901015396,MEGA,52,48,50,301.1,15055.0,2021-10-19
2021101901015395,MEGA,45,48,20,301.5,6030.0,2021-10-19
2021101903020439,GFCL,34,57,10,609.0,6090.0,2021-10-19
2021101901015394,SBL,58,22,10,434.0,4340.0,2021-10-19
2021101903020438,SDLBSL,58,4,35,1769.0,61915.0,2021-10-19
2021101903020437,RLFL,45,17,130,463.0,60190.0,2021-10-19
2021101904016266,API,14,54,10,391.0,3910.0,2021-10-19
2021101904016265,API,16,54,100,391.0,39100.0,2021-10-19
2021101904016264,API,25,54,1531,391.0,598621.0,2021-10-19
2021101903020436,GBBL,22,42,10,524.0,5240.0,2021-10-19
2021101903020435,GBBL,42,42,20,524.0,10480.0,2021-10-19
2021101903020434,GBBL,1,42,200,525.0,105000.0,2021-10-19
2021101903020433,GBBL,57,42,50,525.0,26250.0,2021-10-19
2021101903020432,GBBL,45,42,50,525.1,26255.0,2021-10-19
2021101904016263,JOSHI,47,1,10,286.0,2860.0,2021-10-19
2021101904016262,SHPC,43,28,200,352.9,70580.0,2021-10-19
2021101901015393,NICA,21,18,100,791.0,79100.0,2021-10-19
2021101903020431,SDLBSL,14,4,12,1769.0,21228.0,2021-10-19
2021101903020430,MMFDB,38,38,30,1449.0,43470.0,2021-10-19
2021101904016261,UMHL,50,49,50,362.0,18100.0,2021-10-19
2021101904016260,CMF2,26,4,9900,9.51,94149.0,2021-10-19
2021101903020429,CHDC,46,57,10,735.9,7359.0,2021-10-19
2021101903020428,CHDC,46,57,40,735.8,29432.0,2021-10-19
2021101904016259,SICL,44,50,80,1635.0,130800.0,2021-10-19
2021101904016258,SICL,26,50,20,1635.0,32700.0,2021-10-19
2021101904016257,LEC,19,50,100,297.0,29700.0,2021-10-19
2021101904016256,LEC,5,50,26,297.0,7722.0,2021-10-19
2021101904016255,LEC,55,50,50,297.1,14855.0,2021-10-19
2021101901015392,CZBIL,16,52,11,294.5,3239.5,2021-10-19
2021101904016254,UPPER,58,57,30,557.0,16710.0,2021-10-19
2021101904016253,NHPC,34,4,100,333.0,33300.0,2021-10-19
2021101904016252,RADHI,5,34,230,514.0,118220.0,2021-10-19
2021101904016251,RADHI,41,34,20,514.0,10280.0,2021-10-19
2021101903020427,NMFBS,34,43,10,2750.0,27500.0,2021-10-19
2021101904016250,NGPL,25,58,23,572.1,13158.3,2021-10-19
2021101904016249,NGPL,32,58,152,572.1,86959.2,2021-10-19
2021101904016248,NGPL,57,58,25,572.5,14312.5,2021-10-19
2021101904016247,NHPC,58,4,100,333.0,33300.0,2021-10-19
2021101903020426,JBBL,35,58,100,446.0,44600.0,2021-10-19
2021101904016246,DHPL,58,36,20,275.0,5500.0,2021-10-19
2021101903020425,NRIC,34,45,50,1216.0,60800.0,2021-10-19
2021101904016245,API,45,28,50,392.0,19600.0,2021-10-19
2021101903020424,ACLBSL,34,45,11,1375.0,15125.0,2021-10-19
2021101903020423,NRN,40,55,74,571.0,42254.0,2021-10-19
2021101905002001,JBLB,38,8,5,4230.0,21150.0,2021-10-19
2021101905002000,JBLB,38,55,10,4230.0,42300.0,2021-10-19
2021101903020422,NRN,41,55,28,571.0,15988.0,2021-10-19
2021101901015391,SBI,5,5,60,340.0,20400.0,2021-10-19
2021101904016244,RRHP,39,21,100,428.0,42800.0,2021-10-19
2021101903020421,ICFC,57,59,50,600.0,30000.0,2021-10-19
2021101903020420,ICFC,42,59,500,600.0,300000.0,2021-10-19
2021101903020419,ICFC,45,59,50,600.0,30000.0,2021-10-19
2021101903020418,ICFC,41,59,69,600.0,41400.0,2021-10-19
2021101903020417,ICFC,42,59,110,601.0,66110.0,2021-10-19
2021101901015390,MEGA,36,40,1000,301.9,301900.0,2021-10-19
2021101901015389,PRVU,49,29,80,371.0,29680.0,2021-10-19
2021101905001999,SLI,16,16,10,516.0,5160.0,2021-10-19
2021101903020416,SDLBSL,39,6,10,1762.0,17620.0,2021-10-19
2021101903020415,NSLB,57,6,10,1360.0,13600.0,2021-10-19
2021101903020414,NSLB,57,48,50,1360.0,68000.0,2021-10-19
2021101903020413,NSLB,57,11,40,1360.0,54400.0,2021-10-19
2021101903020412,GUFL,48,57,25,758.0,18950.0,2021-10-19
2021101903020411,GUFL,34,57,15,758.0,11370.0,2021-10-19
2021101903020410,GUFL,54,57,50,758.0,37900.0,2021-10-19
2021101903020409,GUFL,19,57,10,759.0,7590.0,2021-10-19
2021101904016243,SPDL,57,59,50,363.0,18150.0,2021-10-19
2021101903020408,GUFL,11,57,100,760.0,76000.0,2021-10-19
2021101904016242,AHPC,58,48,435,354.1,154033.5,2021-10-19
2021101903020407,GUFL,49,57,50,760.0,38000.0,2021-10-19
2021101904016241,AHPC,25,48,60,355.0,21300.0,2021-10-19
2021101904016240,AHPC,47,48,100,355.0,35500.0,2021-10-19
2021101904016239,AHPC,56,48,50,355.0,17750.0,2021-10-19
2021101904016238,AHPC,51,48,10,355.0,3550.0,2021-10-19
2021101904016237,AHPC,19,48,20,355.0,7100.0,2021-10-19
2021101904016236,AHPC,42,48,75,355.0,26625.0,2021-10-19
2021101904016235,AHPC,14,48,100,355.0,35500.0,2021-10-19
2021101904016234,AHPC,47,48,500,355.0,177500.0,2021-10-19
2021101904016233,AHPC,36,48,30,355.0,10650.0,2021-10-19
2021101904016232,AHPC,44,48,100,356.0,35600.0,2021-10-19
2021101904016231,AHPC,57,48,10,356.1,3561.0,2021-10-19
2021101904016230,AHPC,58,48,10,359.0,3590.0,2021-10-19
2021101903020406,NLIC,34,49,60,1606.0,96360.0,2021-10-19
2021101903020405,ALICL,34,57,10,1115.0,11150.0,2021-10-19
2021101903020404,ALICL,34,45,10,1104.0,11040.0,2021-10-19
2021101903020403,NLICL,58,34,100,898.0,89800.0,2021-10-19
2021101903020402,NMBMF,45,25,100,1267.0,126700.0,2021-10-19
2021101901015388,SANIMA,6,45,242,490.0,118580.0,2021-10-19
2021101903020401,GFCL,35,57,10,609.0,6090.0,2021-10-19
2021101903020400,CHDC,32,45,10,725.0,7250.0,2021-10-19
2021101903020399,FMDBL,55,54,55,854.0,46970.0,2021-10-19
2021101903020398,SDLBSL,32,29,12,1765.0,21180.0,2021-10-19
2021101903020397,SDLBSL,54,29,50,1768.0,88400.0,2021-10-19
2021101903020396,SDLBSL,48,29,32,1768.0,56576.0,2021-10-19
2021101901015387,MEGA,14,40,20,301.9,6038.0,2021-10-19
2021101903020395,MLBL,42,4,100,550.0,55000.0,2021-10-19
2021101903020394,HIDCL,33,49,10,292.0,2920.0,2021-10-19
2021101901015386,PRVU,3,29,60,371.0,22260.0,2021-10-19
2021101904016229,UMRH,17,57,17,442.7,7525.9,2021-10-19
2021101903020393,PLIC,10,57,267,810.0,216270.0,2021-10-19
2021101903020392,SIFC,57,26,150,418.0,62700.0,2021-10-19
2021101904016228,NICL,32,48,100,749.0,74900.0,2021-10-19
2021101903020391,NLIC,34,49,20,1606.0,32120.0,2021-10-19
2021101903020390,LICN,25,6,21,1912.0,40152.0,2021-10-19
2021101903020389,LICN,25,58,40,1911.0,76440.0,2021-10-19
2021101903020388,LICN,25,54,19,1910.4,36297.6,2021-10-19
2021101903020387,LICN,25,21,100,1910.0,191000.0,2021-10-19
2021101903020386,LICN,25,50,10,1906.0,19060.0,2021-10-19
2021101903020385,LICN,25,55,50,1905.0,95250.0,2021-10-19
2021101903020384,LICN,25,26,20,1900.0,38000.0,2021-10-19
2021101903020383,LICN,25,7,100,1900.0,190000.0,2021-10-19
2021101903020382,LICN,25,10,50,1900.0,95000.0,2021-10-19
2021101903020381,LICN,25,55,90,1900.0,171000.0,2021-10-19
2021101904016227,AHPC,58,57,10,362.0,3620.0,2021-10-19
2021101904016226,AHPC,58,55,90,360.0,32400.0,2021-10-19
2021101903020380,SHINE,22,51,100,428.0,42800.0,2021-10-19
2021101901015385,NBB,53,32,50,386.5,19325.0,2021-10-19
2021101903020379,SHINE,52,51,10,428.0,4280.0,2021-10-19
2021101901015384,NBB,33,32,255,386.5,98557.5,2021-10-19
2021101901015383,NABIL,49,42,65,1431.0,93015.0,2021-10-19
2021101904016225,RRHP,39,42,1100,428.0,470800.0,2021-10-19
2021101901015382,NABIL,58,42,80,1431.1,114488.0,2021-10-19
2021101903020378,CBBL,5,48,10,1644.0,16440.0,2021-10-19
2021101901015381,MEGA,40,40,100,301.9,30190.0,2021-10-19
2021101903020377,DDBL,19,43,20,1212.1,24242.0,2021-10-19
2021101901015380,NMB,43,45,200,390.0,78000.0,2021-10-19
2021101903020376,DDBL,29,43,10,1213.0,12130.0,2021-10-19
2021101903020375,PFL,21,13,20,524.0,10480.0,2021-10-19
2021101903020374,NLIC,19,49,20,1606.0,32120.0,2021-10-19
2021101901015379,GBIME,38,52,20,373.0,7460.0,2021-10-19
2021101901015378,NICA,45,49,50,790.6,39530.0,2021-10-19
2021101901015377,RBCLPO,34,26,15,13100.0,196500.0,2021-10-19
2021101903020373,KSBBL,22,21,11,635.0,6985.0,2021-10-19
2021101903020372,PLIC,10,47,233,810.0,188730.0,2021-10-19
2021101904016224,BARUN,32,47,15,357.0,5355.0,2021-10-19
2021101903020371,PLIC,34,47,100,810.0,81000.0,2021-10-19
2021101904016223,BARUN,48,47,20,357.0,7140.0,2021-10-19
2021101901015376,SANIMA,6,14,59,490.0,28910.0,2021-10-19
2021101904016222,GIC,34,34,10,520.0,5200.0,2021-10-19
2021101903020370,ILBS,34,14,10,1618.1,16181.0,2021-10-19
2021101904016221,SICL,58,58,20,1638.0,32760.0,2021-10-19
2021101904016220,AKPL,32,49,10,440.0,4400.0,2021-10-19
2021101903020369,JBBL,32,8,10,450.0,4500.0,2021-10-19
2021101903020368,NRIC,58,37,10,1216.5,12165.0,2021-10-19
2021101901015375,NBL,17,41,150,459.0,68850.0,2021-10-19
2021101901015374,NBL,17,53,350,458.6,160510.0,2021-10-19
2021101903020367,RSDC,51,17,52,796.0,41392.0,2021-10-19
2021101901015373,PRVU,21,29,10,371.0,3710.0,2021-10-19
2021101901015372,PRVU,21,33,90,371.0,33390.0,2021-10-19
2021101903020366,SLBSL,19,16,10,1245.0,12450.0,2021-10-19
2021101901015371,SANIMA,51,14,101,490.0,49490.0,2021-10-19
2021101903020365,SDLBSL,47,4,50,1769.0,88450.0,2021-10-19
2021101904016219,AKPL,22,57,100,436.0,43600.0,2021-10-19
2021101903020364,GBBL,45,48,50,525.1,26255.0,2021-10-19
2021101903020363,GBBL,25,48,50,527.0,26350.0,2021-10-19
2021101903020362,NLIC,13,55,22,1606.0,35332.0,2021-10-19
2021101901015370,GBIME,35,52,35,373.0,13055.0,2021-10-19
2021101901015369,GBIME,35,21,65,373.0,24245.0,2021-10-19
2021101901015368,NBB,33,51,50,386.5,19325.0,2021-10-19
2021101901015367,NBB,33,5,100,386.5,38650.0,2021-10-19
2021101904016218,SICL,26,43,10,1635.0,16350.0,2021-10-19
2021101904016217,SICL,22,43,50,1635.0,81750.0,2021-10-19
2021101903020361,SDLBSL,17,4,31,1770.0,54870.0,2021-10-19
2021101903020360,NUBL,58,49,50,1400.0,70000.0,2021-10-19
2021101901015366,NBL,49,38,350,458.5,160475.0,2021-10-19
2021101903020359,GMFIL,19,57,400,432.4,172960.0,2021-10-19
2021101903020358,GMFIL,19,57,300,432.4,129720.0,2021-10-19
2021101903020357,GMFIL,34,57,500,432.5,216250.0,2021-10-19
2021101903020356,GMFIL,8,57,100,432.6,43260.0,2021-10-19
2021101903020355,GMFIL,45,57,300,432.6,129780.0,2021-10-19
2021101903020354,ICFC,42,57,390,601.0,234390.0,2021-10-19
2021101903020353,ICFC,45,57,10,602.0,6020.0,2021-10-19
2021101903020352,NICLBSL,34,42,69,1092.0,75348.0,2021-10-19
2021101903020351,NICLBSL,34,32,10,1090.0,10900.0,2021-10-19
2021101903020350,NICLBSL,34,55,10,1087.0,10870.0,2021-10-19
2021101903020349,NICLBSL,34,57,10,1086.0,10860.0,2021-10-19
2021101903020348,NICLBSL,34,58,10,1081.2,10812.0,2021-10-19
2021101903020347,NICLBSL,34,49,10,1080.1,10801.0,2021-10-19
2021101903020346,NICLBSL,34,26,10,1079.0,10790.0,2021-10-19
2021101903020345,NICLBSL,34,13,10,1079.0,10790.0,2021-10-19
2021101903020344,NICLBSL,34,42,10,1078.0,10780.0,2021-10-19
2021101903020343,NICLBSL,34,44,10,1077.0,10770.0,2021-10-19
2021101903020342,NICLBSL,34,25,10,1076.0,10760.0,2021-10-19
2021101903020341,NICLBSL,34,49,175,1075.1,188142.5,2021-10-19
2021101903020340,NICLBSL,34,42,10,1075.0,10750.0,2021-10-19
2021101903020339,NICLBSL,34,16,95,1075.0,102125.0,2021-10-19
2021101903020338,NICLBSL,34,22,51,1074.0,54774.0,2021-10-19
2021101903020337,NICLBSL,34,32,10,1072.0,10720.0,2021-10-19
2021101903020336,NICLBSL,34,22,55,1070.0,58850.0,2021-10-19
2021101903020335,NICLBSL,34,51,30,1070.0,32100.0,2021-10-19
2021101903020334,NICLBSL,34,39,10,1070.0,10700.0,2021-10-19
2021101903020333,NICLBSL,34,56,10,1070.0,10700.0,2021-10-19
2021101903020332,NICLBSL,34,3,100,1069.0,106900.0,2021-10-19
2021101903020331,NICLBSL,34,3,100,1065.0,106500.0,2021-10-19
2021101903020330,NICLBSL,34,45,20,1065.0,21300.0,2021-10-19
2021101903020329,NICLBSL,34,6,70,1065.0,74550.0,2021-10-19
2021101903020328,NICLBSL,34,38,50,1060.0,53000.0,2021-10-19
2021101903020327,NICLBSL,34,43,10,1060.0,10600.0,2021-10-19
2021101903020326,NICLBSL,34,53,10,1059.0,10590.0,2021-10-19
2021101903020325,NICLBSL,34,45,15,1056.0,15840.0,2021-10-19
2021101903020324,NICLBSL,34,4,10,1056.0,10560.0,2021-10-19
2021101904016216,UNHPL,14,13,510,289.0,147390.0,2021-10-19
2021101904016215,NHPC,58,4,50,333.0,16650.0,2021-10-19
2021101904016214,GHL,34,58,90,298.0,26820.0,2021-10-19
2021101901015365,NBL,41,28,300,458.0,137400.0,2021-10-19
2021101904016213,SHPC,45,52,60,354.0,21240.0,2021-10-19
2021101904016212,SHPC,45,59,400,353.0,141200.0,2021-10-19
2021101901015364,NABIL,54,49,30,1432.0,42960.0,2021-10-19
2021101903020323,RLI,42,45,10,480.0,4800.0,2021-10-19
2021101904016211,NHPC,42,4,10,333.0,3330.0,2021-10-19
2021101904016210,UPCL,5,21,10,298.0,2980.0,2021-10-19
2021101903020322,MNBBL,13,21,300,648.0,194400.0,2021-10-19
2021101904016209,SPDL,21,59,1793,363.0,650859.0,2021-10-19
2021101901015363,NBL,41,26,65,458.0,29770.0,2021-10-19
2021101901015362,NBL,57,26,35,458.0,16030.0,2021-10-19
2021101901015361,SANIMA,52,14,10,490.0,4900.0,2021-10-19
2021101901015360,SANIMA,6,41,50,490.0,24500.0,2021-10-19
2021101903020321,KMCDB,34,14,10,1219.0,12190.0,2021-10-19
2021101903020320,KMCDB,34,10,10,1219.0,12190.0,2021-10-19
2021101903020319,KMCDB,34,34,20,1216.0,24320.0,2021-10-19
2021101903020318,KMCDB,34,51,60,1215.0,72900.0,2021-10-19
2021101903020317,KMCDB,34,22,40,1210.0,48400.0,2021-10-19
2021101904016208,NHPC,34,4,100,333.0,33300.0,2021-10-19
2021101904016207,KKHC,47,34,800,288.0,230400.0,2021-10-19
2021101903020316,KMCDB,34,33,20,1206.0,24120.0,2021-10-19
2021101904016206,KKHC,58,34,200,289.0,57800.0,2021-10-19
2021101904016205,UPPER,58,45,10,558.0,5580.0,2021-10-19
2021101904016204,MHNL,28,42,10,330.0,3300.0,2021-10-19
2021101901015359,SANIMA,45,41,50,490.0,24500.0,2021-10-19
2021101904016203,UIC,53,32,10,556.9,5569.0,2021-10-19
2021101901015358,MKJC,39,35,10,384.0,3840.0,2021-10-19
2021101903020315,NLIC,54,55,36,1606.0,57816.0,2021-10-19
2021101904016202,RRHP,39,1,500,428.0,214000.0,2021-10-19
2021101904016201,RRHP,39,22,400,428.0,171200.0,2021-10-19
2021101903020314,MLBL,42,49,50,550.0,27500.0,2021-10-19
2021101903020313,MLBL,42,50,215,550.0,118250.0,2021-10-19
2021101903020312,MLBL,42,49,45,549.0,24705.0,2021-10-19
2021101903020311,GILB,52,7,50,2080.0,104000.0,2021-10-19
2021101901015357,LBL,51,19,100,306.0,30600.0,2021-10-19
2021101901015356,SHIVM,38,39,30,1210.0,36300.0,2021-10-19
2021101903020310,EDBL,38,49,52,530.0,27560.0,2021-10-19
2021101901015355,SHIVM,38,57,50,1207.0,60350.0,2021-10-19
2021101903020309,EDBL,38,10,20,530.0,10600.0,2021-10-19
2021101901015354,SHIVM,38,56,20,1207.0,24140.0,2021-10-19
2021101903020308,EDBL,38,58,27,530.0,14310.0,2021-10-19
2021101903020307,RLFL,49,17,10,463.0,4630.0,2021-10-19
2021101901015353,KBL,44,16,100,275.0,27500.0,2021-10-19
2021101904016200,UNHPL,14,47,100,289.0,28900.0,2021-10-19
2021101901015352,GBIME,57,21,35,373.0,13055.0,2021-10-19
2021101901015351,GBIME,57,39,15,373.0,5595.0,2021-10-19
2021101903020306,NICLBSL,1,58,10,1055.0,10550.0,2021-10-19
2021101901015350,SANIMA,54,41,100,490.0,49000.0,2021-10-19
2021101903020305,NIFRA,47,22,25,334.1,8352.5,2021-10-19
2021101903020304,NIFRA,45,22,10,334.6,3346.0,2021-10-19
2021101903020303,NIFRA,35,22,25,334.9,8372.5,2021-10-19
2021101903020302,NFS,54,55,75,465.0,34875.0,2021-10-19
2021101904016199,RBCL,43,37,10,16997.0,169970.0,2021-10-19
2021101904016198,RBCL,43,1,10,16995.0,169950.0,2021-10-19
2021101903020301,BFC,22,17,50,385.0,19250.0,2021-10-19
2021101903020300,NLIC,43,36,6,1606.0,9636.0,2021-10-19
2021101903020299,DDBL,38,22,30,1214.0,36420.0,2021-10-19
2021101904016197,SPDL,4,11,50,362.8,18140.0,2021-10-19
2021101904016196,NHPC,40,4,500,333.0,166500.0,2021-10-19
2021101904016195,NHPC,11,4,52,333.0,17316.0,2021-10-19
2021101903020298,NTC,49,35,100,988.0,98800.0,2021-10-19
2021101903020297,MLBL,25,49,25,549.0,13725.0,2021-10-19
2021101901015349,HDL,20,43,10,6525.0,65250.0,2021-10-19
2021101901015348,HDL,20,57,30,6525.0,195750.0,2021-10-19
2021101901015347,HDL,20,33,20,6525.0,130500.0,2021-10-19
2021101901015346,HDL,20,8,10,6524.0,65240.0,2021-10-19
2021101903020296,NMBMF,45,26,50,1267.0,63350.0,2021-10-19
2021101903020295,SAPDBL,3,13,10,329.2,3292.0,2021-10-19
2021101903020294,SDLBSL,17,6,10,1770.0,17700.0,2021-10-19
2021101904016194,NHPC,6,34,100,334.0,33400.0,2021-10-19
2021101901015345,NBB,6,35,50,386.9,19345.0,2021-10-19
2021101903020293,SDLBSL,6,6,10,1770.0,17700.0,2021-10-19
2021101904016193,CHCL,45,33,337,552.0,186024.0,2021-10-19
2021101904016192,CHCL,50,33,50,552.0,27600.0,2021-10-19
2021101904016191,CHCL,34,33,200,552.1,110420.0,2021-10-19
2021101904016190,CHCL,14,33,90,552.2,49698.0,2021-10-19
2021101904016189,CHCL,33,33,1000,552.3,552300.0,2021-10-19
2021101904016188,CHCL,51,33,200,552.4,110480.0,2021-10-19
2021101901015344,SBL,57,22,22,434.0,9548.0,2021-10-19
2021101904016187,KKHC,28,58,100,290.0,29000.0,2021-10-19
2021101903020292,SIFC,45,26,30,418.0,12540.0,2021-10-19
2021101903020291,SIFC,45,21,100,417.0,41700.0,2021-10-19
2021101901015343,NBB,33,42,100,386.5,38650.0,2021-10-19
2021101901015342,SBI,5,33,140,335.0,46900.0,2021-10-19
2021101904016186,AIL,48,1,40,666.1,26644.0,2021-10-19
2021101903020290,KSBBL,48,43,1550,634.1,982855.0,2021-10-19
2021101901015341,NABIL,56,49,50,1432.0,71600.0,2021-10-19
2021101903020289,GUFL,42,59,10,762.0,7620.0,2021-10-19
2021101903020288,GUFL,42,59,50,762.0,38100.0,2021-10-19
2021101903020287,KRBL,38,53,10,392.0,3920.0,2021-10-19
2021101903020286,KRBL,38,20,188,391.0,73508.0,2021-10-19
2021101903020285,NFS,54,49,135,465.0,62775.0,2021-10-19
2021101903020284,NFS,45,49,100,465.0,46500.0,2021-10-19
2021101905001998,SLI,16,16,10,516.0,5160.0,2021-10-19
2021101903020283,JFL,48,4,350,540.0,189000.0,2021-10-19
2021101903020282,GLICL,34,49,10,545.0,5450.0,2021-10-19
2021101903020281,GLICL,34,49,350,540.0,189000.0,2021-10-19
2021101903020280,LICN,25,55,10,1900.0,19000.0,2021-10-19
2021101903020279,LICN,25,20,40,1899.3,75972.0,2021-10-19
2021101903020278,LICN,25,56,25,1899.0,47475.0,2021-10-19
2021101903020277,LICN,25,58,50,1898.0,94900.0,2021-10-19
2021101903020276,LICN,25,56,25,1895.0,47375.0,2021-10-19
2021101903020275,LICN,25,50,80,1890.0,151200.0,2021-10-19
2021101903020274,LICN,25,40,50,1889.0,94450.0,2021-10-19
2021101903020273,LICN,25,45,20,1889.0,37780.0,2021-10-19
2021101903020272,CBBL,58,48,151,1644.0,248244.0,2021-10-19
2021101903020271,CBBL,58,7,49,1643.0,80507.0,2021-10-19
2021101901015340,ADBL,16,35,10,493.0,4930.0,2021-10-19
2021101903020270,JBBL,32,57,150,446.0,66900.0,2021-10-19
2021101901015339,SBL,32,22,50,434.0,21700.0,2021-10-19
2021101903020269,KSBBL,32,40,100,635.0,63500.0,2021-10-19
2021101901015338,PRVU,7,33,100,371.0,37100.0,2021-10-19
2021101903020268,BFC,22,6,365,385.0,140525.0,2021-10-19
2021101904016185,UPCL,57,48,100,296.0,29600.0,2021-10-19
2021101901015337,NBL,34,38,100,458.5,45850.0,2021-10-19
2021101904016184,NHDL,58,45,220,390.0,85800.0,2021-10-19
2021101901015336,MBL,45,7,47,363.0,17061.0,2021-10-19
2021101905001997,MKLB,14,35,10,1675.5,16755.0,2021-10-19
2021101903020267,NICLBSL,1,42,10,1055.0,10550.0,2021-10-19
2021101904016183,RRHP,40,58,200,428.0,85600.0,2021-10-19
2021101903020266,SDLBSL,6,17,50,1770.0,88500.0,2021-10-19
2021101903020265,SABSL,50,17,15,1927.0,28905.0,2021-10-19
2021101903020264,GBBL,29,29,15,527.0,7905.0,2021-10-19
2021101905001996,ULI,45,38,10,560.3,5603.0,2021-10-19
2021101904016182,GIMES1,49,7,1000,20.27,20270.0,2021-10-19
2021101904016181,PPCL,51,52,10,357.7,3577.0,2021-10-19
2021101903020263,FOWAD,46,35,10,2650.0,26500.0,2021-10-19
2021101903020262,FOWAD,46,58,33,2650.0,87450.0,2021-10-19
2021101903020261,NIFRA,54,44,170,334.3,56831.0,2021-10-19
2021101903020260,NIFRA,49,44,10,334.5,3345.0,2021-10-19
2021101903020259,NIFRA,16,44,70,334.9,23443.0,2021-10-19
2021101903020258,SADBL,53,22,47,359.0,16873.0,2021-10-19
2021101901015335,GBIME,47,39,200,373.0,74600.0,2021-10-19
2021101903020257,NRIC,34,57,80,1216.0,97280.0,2021-10-19
2021101903020256,NRIC,38,57,20,1216.0,24320.0,2021-10-19
2021101903020255,CHDC,39,57,25,724.0,18100.0,2021-10-19
2021101903020254,CHDC,35,57,15,724.0,10860.0,2021-10-19
2021101903020253,CHDC,58,57,10,725.0,7250.0,2021-10-19
2021101903020252,NLIC,58,55,10,1606.0,16060.0,2021-10-19
2021101903020251,RMDC,49,58,16,1392.0,22272.0,2021-10-19
2021101903020250,SLICL,45,17,60,750.0,45000.0,2021-10-19
2021101903020249,SLICL,45,19,40,750.0,30000.0,2021-10-19
2021101901015334,CCBL,45,53,100,228.0,22800.0,2021-10-19
2021101901015333,NBL,57,35,50,458.0,22900.0,2021-10-19
2021101901015332,NBB,51,35,50,386.9,19345.0,2021-10-19
2021101901015331,NCCB,32,49,50,281.0,14050.0,2021-10-19
2021101903020248,NLIC,47,55,102,1606.0,163812.0,2021-10-19
2021101901015330,MEGA,52,43,950,301.1,286045.0,2021-10-19
2021101901015329,MEGA,29,43,50,301.5,15075.0,2021-10-19
2021101904016180,LEC,1,52,80,300.0,24000.0,2021-10-19
2021101904016179,LEC,1,39,20,300.0,6000.0,2021-10-19
2021101904016178,RBCL,1,47,10,16805.0,168050.0,2021-10-19
2021101903020247,LBBL,59,47,100,463.0,46300.0,2021-10-19
2021101901015328,NICA,4,18,50,791.0,39550.0,2021-10-19
2021101904016177,RHPL,57,49,100,328.5,32850.0,2021-10-19
2021101904016176,NHDL,49,45,100,390.0,39000.0,2021-10-19
2021101903020246,NIFRA,16,22,50,334.9,16745.0,2021-10-19
2021101901015327,CCBL,19,16,18,227.7,4098.6,2021-10-19
2021101903020245,NIFRA,16,58,80,334.9,26792.0,2021-10-19
2021101904016175,NEF,6,18,500,10.3,5150.0,2021-10-19
2021101904016174,UPPER,47,45,200,558.0,111600.0,2021-10-19
2021101901015326,NBB,33,58,40,386.5,15460.0,2021-10-19
2021101904016173,PIC,11,58,100,950.0,95000.0,2021-10-19
2021101904016172,HDHPC,45,53,200,273.0,54600.0,2021-10-19
2021101904016171,GLH,52,32,10,379.0,3790.0,2021-10-19
2021101903020244,SINDU,14,57,50,392.0,19600.0,2021-10-19
2021101904016170,UPPER,36,45,500,558.0,279000.0,2021-10-19
2021101903020243,MLBSL,49,49,10,4830.2,48302.0,2021-10-19
2021101903020242,CHDC,46,57,10,735.8,7358.0,2021-10-19
2021101903020241,CHDC,46,57,50,729.9,36495.0,2021-10-19
2021101901015325,SANIMA,50,42,42,490.0,20580.0,2021-10-19
2021101904016169,HGI,47,32,20,600.0,12000.0,2021-10-19
2021101904016168,API,25,52,419,391.0,163829.0,2021-10-19
2021101904016167,API,8,52,81,392.0,31752.0,2021-10-19
2021101904016166,UMRH,28,57,33,445.0,14685.0,2021-10-19
2021101904016165,UMRH,32,57,20,445.0,8900.0,2021-10-19
2021101903020240,NIFRA,34,58,20,334.9,6698.0,2021-10-19
2021101903020239,SKBBL,35,13,100,1670.0,167000.0,2021-10-19
2021101904016164,KKHC,6,58,100,290.0,29000.0,2021-10-19
2021101904016163,KKHC,49,58,314,290.0,91060.0,2021-10-19
2021101904016162,AKPL,34,45,450,435.3,195885.0,2021-10-19
2021101903020238,CIT,58,33,70,3230.0,226100.0,2021-10-19
2021101904016161,AKPL,38,45,100,435.5,43550.0,2021-10-19
2021101903020237,CIT,58,49,10,3229.0,32290.0,2021-10-19
2021101904016160,AKPL,6,45,50,436.0,21800.0,2021-10-19
2021101904016159,AKPL,49,45,20,436.0,8720.0,2021-10-19
2021101904016158,AKPL,57,45,430,436.0,187480.0,2021-10-19
2021101904016157,SHPC,45,39,1000,352.9,352900.0,2021-10-19
2021101904016156,SHPC,45,58,1075,352.8,379260.0,2021-10-19
2021101904016155,SHPC,45,59,100,352.8,35280.0,2021-10-19
2021101904016154,SHPC,45,16,321,352.8,113248.8,2021-10-19
2021101901015324,MBL,35,7,100,363.0,36300.0,2021-10-19
2021101901015323,MEGA,40,44,150,302.0,45300.0,2021-10-19
2021101901015322,MEGA,40,41,150,302.0,45300.0,2021-10-19
2021101903020236,RLFL,38,17,100,463.0,46300.0,2021-10-19
2021101904016153,HDHPC,57,21,100,270.0,27000.0,2021-10-19
2021101903020235,RLFL,58,17,10,463.0,4630.0,2021-10-19
2021101901015321,SHIVM,32,21,10,1203.0,12030.0,2021-10-19
2021101903020234,RLFL,14,17,250,465.0,116250.0,2021-10-19
2021101903020233,MSLB,38,17,100,1920.0,192000.0,2021-10-19
2021101901015320,BOKL,19,21,200,317.0,63400.0,2021-10-19
2021101904016152,RRHP,48,33,30,427.6,12828.0,2021-10-19
2021101904016151,RRHP,49,33,300,427.6,128280.0,2021-10-19
2021101904016150,RRHP,40,33,200,427.6,85520.0,2021-10-19
2021101904016149,RRHP,49,33,200,427.7,85540.0,2021-10-19
2021101904016148,RRHP,40,33,100,427.7,42770.0,2021-10-19
2021101904016147,RRHP,49,33,300,427.8,128340.0,2021-10-19
2021101904016146,RRHP,51,33,10,427.8,4278.0,2021-10-19
2021101904016145,RRHP,14,33,100,427.8,42780.0,2021-10-19
2021101904016144,RRHP,35,33,1150,428.0,492200.0,2021-10-19
2021101904016143,RRHP,49,33,100,428.1,42810.0,2021-10-19
2021101903020232,SDLBSL,6,6,10,1770.0,17700.0,2021-10-19
2021101901015319,CBL,48,21,25,231.0,5775.0,2021-10-19
2021101903020231,MNBBL,56,54,35,649.9,22746.5,2021-10-19
2021101903020230,MNBBL,56,57,15,649.0,9735.0,2021-10-19
2021101904016142,SIC,42,28,100,1225.0,122500.0,2021-10-19
2021101904016141,UMHL,54,35,280,360.2,100856.0,2021-10-19
2021101904016140,UMHL,21,35,20,361.0,7220.0,2021-10-19
2021101904016139,UMHL,49,35,50,362.0,18100.0,2021-10-19
2021101904016138,API,8,42,19,392.0,7448.0,2021-10-19
2021101904016137,API,17,42,26,392.8,10212.8,2021-10-19
2021101901015318,NBB,33,5,390,386.5,150735.0,2021-10-19
2021101904016136,AHPC,17,55,65,360.0,23400.0,2021-10-19
2021101904016135,AHPC,17,32,185,360.0,66600.0,2021-10-19
2021101901015317,KBL,57,29,10,274.0,2740.0,2021-10-19
2021101901015316,KBL,38,29,45,274.0,12330.0,2021-10-19
2021101905001995,JBLB,38,38,10,4230.0,42300.0,2021-10-19
2021101903020229,FMDBL,38,54,30,854.0,25620.0,2021-10-19
2021101903020228,GFCL,4,6,20,605.0,12100.0,2021-10-19
2021101905001994,SLI,16,16,10,516.0,5160.0,2021-10-19
2021101903020227,MFIL,50,8,10,1004.5,10045.0,2021-10-19
2021101903020226,MFIL,50,8,10,1004.5,10045.0,2021-10-19
2021101903020225,MFIL,50,8,10,1004.5,10045.0,2021-10-19
2021101903020224,MFIL,50,8,20,1004.3,20086.0,2021-10-19
2021101903020223,MFIL,50,37,20,1004.0,20080.0,2021-10-19
2021101903020222,MFIL,50,8,10,1004.0,10040.0,2021-10-19
2021101903020221,MFIL,50,17,20,1003.0,20060.0,2021-10-19
2021101901015315,MEGA,22,41,10,302.0,3020.0,2021-10-19
2021101903020220,SDLBSL,6,49,20,1770.0,35400.0,2021-10-19
2021101903020219,SDLBSL,6,56,10,1769.0,17690.0,2021-10-19
2021101901015314,MBL,6,7,57,363.0,20691.0,2021-10-19
2021101901015313,SRBL,1,57,800,295.0,236000.0,2021-10-19
2021101904016134,GIC,34,34,10,520.0,5200.0,2021-10-19
2021101903020218,LICN,25,45,10,1889.0,18890.0,2021-10-19
2021101903020217,LICN,25,14,70,1880.0,131600.0,2021-10-19
2021101903020216,LICN,25,36,75,1875.0,140625.0,2021-10-19
2021101903020215,LICN,25,22,25,1875.0,46875.0,2021-10-19
2021101903020214,LICN,25,1,20,1874.0,37480.0,2021-10-19
2021101903020213,LICN,25,48,100,1870.0,187000.0,2021-10-19
2021101903020212,LICN,25,16,350,1870.0,654500.0,2021-10-19
2021101903020211,LICN,25,53,30,1869.0,56070.0,2021-10-19
2021101903020210,LICN,25,58,63,1869.0,117747.0,2021-10-19
2021101903020209,LICN,25,54,107,1869.0,199983.0,2021-10-19
2021101903020208,LICN,25,45,50,1868.0,93400.0,2021-10-19
2021101904016133,AHPC,58,32,10,360.0,3600.0,2021-10-19
2021101901015312,SANIMA,58,42,60,490.0,29400.0,2021-10-19
2021101901015311,PRVU,28,33,10,371.0,3710.0,2021-10-19
2021101904016132,UPPER,32,45,25,558.0,13950.0,2021-10-19
2021101903020207,RLFL,14,55,50,465.0,23250.0,2021-10-19
2021101901015310,SRBL,11,7,15,296.0,4440.0,2021-10-19
2021101904016131,CHCL,1,33,800,553.0,442400.0,2021-10-19
2021101901015309,GBIME,29,39,10,373.0,3730.0,2021-10-19
2021101903020206,NIFRA,59,58,70,334.9,23443.0,2021-10-19
2021101903020205,PFL,49,58,100,520.0,52000.0,2021-10-19
2021101905001993,MKLB,14,16,10,1675.5,16755.0,2021-10-19
2021101904016130,NHPC,56,34,20,334.0,6680.0,2021-10-19
2021101901015308,EBL,25,52,241,697.0,167977.0,2021-10-19
2021101903020204,NLICL,25,57,45,900.0,40500.0,2021-10-19
2021101904016129,AHPC,58,32,10,360.0,3600.0,2021-10-19
2021101901015307,NBB,33,54,65,386.5,25122.5,2021-10-19
2021101901015306,NBB,51,54,35,386.5,13527.5,2021-10-19
2021101901015305,MEGA,42,41,250,302.0,75500.0,2021-10-19
2021101903020203,JFL,21,4,150,540.0,81000.0,2021-10-19
2021101904016128,API,36,21,147,393.0,57771.0,2021-10-19
2021101904016127,API,36,16,100,393.0,39300.0,2021-10-19
2021101904016126,API,36,26,1959,393.0,769887.0,2021-10-19
2021101901015304,PCBL,1,38,40,447.0,17880.0,2021-10-19
2021101904016125,API,36,46,200,392.9,78580.0,2021-10-19
2021101901015303,PCBL,44,38,20,447.0,8940.0,2021-10-19
2021101904016124,API,36,26,258,392.9,101368.2,2021-10-19
2021101901015302,PCBL,59,38,108,447.0,48276.0,2021-10-19
2021101904016123,API,36,49,336,392.8,131980.8,2021-10-19
2021101901015301,PCBL,21,38,56,447.5,25060.0,2021-10-19
2021101901015300,PCBL,58,38,39,447.6,17456.4,2021-10-19
2021101901015299,PCBL,58,38,50,447.9,22395.0,2021-10-19
2021101903020202,GBLBS,49,42,10,938.9,9389.0,2021-10-19
2021101905001992,SLI,16,57,10,516.0,5160.0,2021-10-19
2021101904016122,AHPC,57,32,200,360.0,72000.0,2021-10-19
2021101903020201,SWBBL,48,33,100,1539.0,153900.0,2021-10-19
2021101903020200,MLBL,25,48,175,549.0,96075.0,2021-10-19
2021101903020199,MLBL,47,48,50,549.0,27450.0,2021-10-19
2021101903020198,NMFBS,34,57,10,2749.0,27490.0,2021-10-19
2021101904016121,OHL,32,56,50,471.0,23550.0,2021-10-19
2021101904016120,OHL,58,56,100,471.1,47110.0,2021-10-19
2021101903020197,MLBBL,8,58,50,1910.0,95500.0,2021-10-19
2021101901015298,NMB,58,45,100,390.0,39000.0,2021-10-19
2021101903020196,NLIC,47,42,198,1606.0,317988.0,2021-10-19
2021101904016119,CHL,42,32,153,407.0,62271.0,2021-10-19
2021101905001991,SLI,21,29,10,520.0,5200.0,2021-10-19
2021101901015297,NCCB,48,49,50,281.0,14050.0,2021-10-19
2021101901015296,NCCB,37,49,150,281.0,42150.0,2021-10-19
2021101901015295,NCCB,8,49,30,281.0,8430.0,2021-10-19
2021101901015294,NCCB,46,49,88,281.0,24728.0,2021-10-19
2021101904016118,SHPC,45,47,490,352.0,172480.0,2021-10-19
2021101904016117,CHCL,35,33,20,553.0,11060.0,2021-10-19
2021101904016116,CHCL,51,33,10,553.0,5530.0,2021-10-19
2021101904016115,CHCL,14,33,10,553.0,5530.0,2021-10-19
2021101904016114,CHCL,25,33,20,553.1,11062.0,2021-10-19
2021101904016113,CHCL,14,33,35,553.5,19372.5,2021-10-19
2021101904016112,CHCL,57,33,80,554.0,44320.0,2021-10-19
2021101904016111,CHCL,47,33,100,554.0,55400.0,2021-10-19
2021101904016110,CHCL,58,33,20,555.0,11100.0,2021-10-19
2021101904016109,CHCL,39,33,200,555.0,111000.0,2021-10-19
2021101904016108,CHCL,34,33,580,555.0,321900.0,2021-10-19
2021101904016107,CHCL,28,33,100,555.1,55510.0,2021-10-19
2021101904016106,CHCL,41,33,50,556.7,27835.0,2021-10-19
2021101904016105,CHCL,20,33,190,557.0,105830.0,2021-10-19
2021101904016104,CHCL,6,33,200,557.1,111420.0,2021-10-19
2021101904016103,CHCL,20,33,100,557.2,55720.0,2021-10-19
2021101904016102,CHCL,57,33,100,558.0,55800.0,2021-10-19
2021101903020195,SLBBL,1,53,50,1489.0,74450.0,2021-10-19
2021101901015293,MBL,34,7,16,363.0,5808.0,2021-10-19
2021101904016101,SSHL,28,54,1000,295.0,295000.0,2021-10-19
2021101904016100,SSHL,28,47,720,294.9,212328.0,2021-10-19
2021101903020194,MLBL,58,50,100,550.0,55000.0,2021-10-19
2021101904016099,SSHL,28,7,200,291.7,58340.0,2021-10-19
2021101903020193,CFCL,58,19,10,450.0,4500.0,2021-10-19
2021101904016098,SSHL,28,7,200,290.0,58000.0,2021-10-19
2021101901015292,EBL,39,52,200,697.0,139400.0,2021-10-19
2021101903020192,CBBL,52,7,10,1643.0,16430.0,2021-10-19
2021101903020191,CBBL,58,7,11,1644.0,18084.0,2021-10-19
2021101903020190,SFCL,41,40,441,403.0,177723.0,2021-10-19
2021101903020189,SDLBSL,21,29,12,1770.0,21240.0,2021-10-19
2021101903020188,SDLBSL,21,20,38,1769.0,67222.0,2021-10-19
2021101901015291,LBL,29,1,50,307.0,15350.0,2021-10-19
2021101903020187,NRIC,38,53,40,1216.0,48640.0,2021-10-19
2021101901015290,NABIL,25,49,10,1432.0,14320.0,2021-10-19
2021101901015289,NABIL,45,49,20,1432.0,28640.0,2021-10-19
2021101901015288,NABIL,51,49,200,1432.0,286400.0,2021-10-19
2021101904016097,AHPC,47,32,30,360.0,10800.0,2021-10-19
2021101901015287,CZBIL,13,34,100,295.0,29500.0,2021-10-19
2021101903020186,SHINE,52,45,90,428.0,38520.0,2021-10-19
2021101901015286,MEGA,45,41,30,302.0,9060.0,2021-10-19
2021101901015285,NICA,35,18,10,791.0,7910.0,2021-10-19
2021101901015284,SRBL,11,36,35,296.0,10360.0,2021-10-19
2021101901015283,SANIMA,42,42,200,490.0,98000.0,2021-10-19
2021101903020185,DDBL,19,43,50,1212.1,60605.0,2021-10-19
2021101901015282,NMB,1,45,100,390.0,39000.0,2021-10-19
2021101903020184,SDLBSL,45,17,20,1765.0,35300.0,2021-10-19
2021101903020183,SDLBSL,3,17,10,1768.0,17680.0,2021-10-19
2021101901015281,SANIMA,38,42,101,490.0,49490.0,2021-10-19
2021101901015280,ADBL,16,49,64,492.0,31488.0,2021-10-19
2021101903020182,MLBL,58,50,360,550.0,198000.0,2021-10-19
2021101903020181,MLBL,39,50,100,550.0,55000.0,2021-10-19
2021101903020180,MLBL,58,50,125,550.1,68762.5,2021-10-19
2021101905001990,JBLB,50,38,10,4235.0,42350.0,2021-10-19
2021101903020179,MLBL,38,50,100,550.1,55010.0,2021-10-19
2021101903020178,MLBL,52,36,100,554.0,55400.0,2021-10-19
2021101901015279,SBL,47,57,87,432.0,37584.0,2021-10-19
2021101901015278,SBL,34,57,100,432.1,43210.0,2021-10-19
2021101901015277,SBL,1,57,100,432.1,43210.0,2021-10-19
2021101901015276,SBL,17,57,100,433.0,43300.0,2021-10-19
2021101901015275,SBL,28,57,41,433.0,17753.0,2021-10-19
2021101901015274,SBL,38,57,50,433.1,21655.0,2021-10-19
2021101901015273,SBL,57,57,22,433.9,9545.8,2021-10-19
2021101905001989,SLI,21,45,10,520.0,5200.0,2021-10-19
2021101903020177,CBBL,39,50,10,1645.0,16450.0,2021-10-19
2021101903020176,NIFRA,21,58,50,334.9,16745.0,2021-10-19
2021101903020175,FMDBL,21,26,21,852.0,17892.0,2021-10-19
2021101904016096,UMHL,49,28,100,362.0,36200.0,2021-10-19
2021101903020174,SDLBSL,43,20,12,1769.0,21228.0,2021-10-19
2021101903020173,LLBS,33,16,30,1740.0,52200.0,2021-10-19
2021101903020172,JBBL,45,11,5,445.0,2225.0,2021-10-19
2021101903020171,JBBL,16,11,10,445.0,4450.0,2021-10-19
2021101903020170,ILBS,50,44,10,1605.0,16050.0,2021-10-19
2021101903020169,GBBL,44,52,200,529.0,105800.0,2021-10-19
2021101903020168,GBBL,44,8,10,529.0,5290.0,2021-10-19
2021101903020167,GBBL,44,8,10,529.0,5290.0,2021-10-19
2021101903020166,GBBL,44,48,50,528.5,26425.0,2021-10-19
2021101903020165,GBBL,44,49,250,528.0,132000.0,2021-10-19
2021101903020164,GBBL,44,48,50,527.0,26350.0,2021-10-19
2021101903020163,GBBL,44,41,29,527.0,15283.0,2021-10-19
2021101903020162,HIDCL,7,47,100,292.0,29200.0,2021-10-19
2021101904016095,NHPC,16,34,720,334.0,240480.0,2021-10-19
2021101901015272,MBL,56,7,180,363.0,65340.0,2021-10-19
2021101901015271,MBL,56,26,50,363.0,18150.0,2021-10-19
2021101901015270,MBL,56,50,370,363.0,134310.0,2021-10-19
2021101901015269,PCBL,58,55,161,447.6,72063.6,2021-10-19
2021101901015268,PCBL,42,55,22,447.9,9853.8,2021-10-19
2021101901015267,PCBL,54,55,17,447.9,7614.3,2021-10-19
2021101901015266,ADBL,50,49,20,492.0,9840.0,2021-10-19
2021101901015265,ADBL,50,49,30,492.0,14760.0,2021-10-19
2021101903020161,KSBBL,48,57,50,634.1,31705.0,2021-10-19
2021101904016094,AHPC,57,32,100,360.0,36000.0,2021-10-19
2021101903020160,KSBBL,8,57,100,635.0,63500.0,2021-10-19
2021101901015264,GBIME,22,57,27,372.5,10057.5,2021-10-19
2021101904016093,NHPC,16,6,200,334.0,66800.0,2021-10-19
2021101903020159,KSBBL,58,57,50,635.0,31750.0,2021-10-19
2021101904016092,CMF2,26,48,100,9.4,940.0,2021-10-19
2021101901015263,SANIMA,58,42,30,490.0,14700.0,2021-10-19
2021101901015262,SRBL,1,58,103,295.0,30385.0,2021-10-19
2021101904016091,AHPC,58,32,10,360.0,3600.0,2021-10-19
2021101901015261,SRBL,57,58,47,295.0,13865.0,2021-10-19
2021101901015260,SRBL,44,58,150,295.1,44265.0,2021-10-19
2021101904016090,AKPL,57,54,70,436.0,30520.0,2021-10-19
2021101904016089,AKPL,45,54,115,436.0,50140.0,2021-10-19
2021101904016088,AKPL,38,54,110,436.0,47960.0,2021-10-19
2021101904016087,AKPL,13,54,155,440.0,68200.0,2021-10-19
2021101904016086,GIMES1,49,7,250,20.25,5062.5,2021-10-19
2021101904016085,UPPER,14,45,100,558.0,55800.0,2021-10-19
2021101905001988,SLI,16,16,10,516.0,5160.0,2021-10-19
2021101903020158,SDLBSL,51,29,50,1770.0,88500.0,2021-10-19
2021101904016084,EIC,8,52,100,598.0,59800.0,2021-10-19
2021101903020157,KMCDB,34,22,10,1210.0,12100.0,2021-10-19
2021101903020156,KMCDB,34,25,50,1210.0,60500.0,2021-10-19
2021101903020155,KMCDB,34,48,10,1203.0,12030.0,2021-10-19
2021101903020154,KMCDB,34,55,10,1193.0,11930.0,2021-10-19
2021101903020153,KMCDB,34,47,50,1170.0,58500.0,2021-10-19
2021101903020152,KMCDB,34,58,70,1165.0,81550.0,2021-10-19
2021101904016083,AHPC,34,32,100,360.0,36000.0,2021-10-19
2021101901015259,NMB,47,45,100,390.0,39000.0,2021-10-19
2021101901015258,NMB,59,45,50,390.0,19500.0,2021-10-19
2021101904016082,NHPC,16,42,80,334.0,26720.0,2021-10-19
2021101903020151,SLBBL,38,53,30,1489.0,44670.0,2021-10-19
2021101904016081,BARUN,38,42,10,360.0,3600.0,2021-10-19
2021101903020150,NLIC,6,57,10,1608.0,16080.0,2021-10-19
2021101903020149,NLIC,48,57,10,1608.0,16080.0,2021-10-19
2021101903020148,RLI,16,58,20,479.9,9598.0,2021-10-19
2021101903020147,NLIC,47,45,10,1606.0,16060.0,2021-10-19
2021101903020146,MDB,55,22,100,551.0,55100.0,2021-10-19
2021101903020145,CBBL,43,50,30,1645.0,49350.0,2021-10-19
2021101903020144,CBBL,43,55,70,1645.0,115150.0,2021-10-19
2021101904016080,RADHI,55,13,50,515.0,25750.0,2021-10-19
2021101904016079,RADHI,55,34,50,514.9,25745.0,2021-10-19
2021101901015257,NMB,59,21,20,390.0,7800.0,2021-10-19
2021101905001987,ULI,45,29,10,560.3,5603.0,2021-10-19
2021101903020143,MFIL,48,49,400,1000.0,400000.0,2021-10-19
2021101904016078,HDHPC,16,53,20,273.0,5460.0,2021-10-19
2021101903020142,MLBL,32,48,90,550.1,49509.0,2021-10-19
2021101903020141,MLBL,32,48,22,551.0,12122.0,2021-10-19
2021101901015256,SCB,45,29,50,520.0,26000.0,2021-10-19
2021101904016077,AHPC,45,32,155,360.0,55800.0,2021-10-19
2021101903020140,NIFRA,42,58,35,334.9,11721.5,2021-10-19
2021101903020139,NLIC,55,55,50,1606.0,80300.0,2021-10-19
2021101903020138,NLIC,38,55,20,1606.0,32120.0,2021-10-19
2021101903020137,FMDBL,21,26,39,852.0,33228.0,2021-10-19
2021101903020136,FMDBL,21,13,11,852.0,9372.0,2021-10-19
2021101901015255,MEGA,14,41,100,302.0,30200.0,2021-10-19
2021101904016076,NHPC,11,29,28,333.0,9324.0,2021-10-19
2021101904016075,NHPC,51,29,20,333.0,6660.0,2021-10-19
2021101904016074,NHPC,26,29,52,333.0,17316.0,2021-10-19
2021101905001986,JBLB,38,58,15,4230.0,63450.0,2021-10-19
2021101903020135,CBBL,38,55,10,1645.0,16450.0,2021-10-19
2021101904016073,NMB50,48,52,1000,11.29,11290.0,2021-10-19
2021101901015254,SHIVM,32,22,13,1203.0,15639.0,2021-10-19
2021101903020134,NTC,39,58,10,987.0,9870.0,2021-10-19
2021101904016072,NGPL,17,21,200,575.0,115000.0,2021-10-19
2021101904016071,NGPL,17,32,300,574.1,172230.0,2021-10-19
2021101904016070,EIC,36,52,500,598.0,299000.0,2021-10-19
2021101903020133,MDB,6,44,1336,550.1,734933.6,2021-10-19
2021101901015253,MKJC,54,47,10,384.1,3841.0,2021-10-19
2021101904016069,STC,1,6,25,6475.0,161875.0,2021-10-19
2021101901015252,SANIMA,58,42,67,490.0,32830.0,2021-10-19
2021101901015251,SANIMA,58,D01,33,490.0,16170.0,2021-10-19
2021101903020132,GBBL,54,48,26,527.0,13702.0,2021-10-19
2021101903020131,JBBL,52,11,35,445.0,15575.0,2021-10-19
2021101903020130,CBBL,42,55,60,1645.0,98700.0,2021-10-19
2021101904016068,BPCL,53,5,50,463.0,23150.0,2021-10-19
2021101905001985,JBLB,26,4,20,4220.1,84402.0,2021-10-19
2021101905001984,JBLB,49,4,10,4225.0,42250.0,2021-10-19
2021101901015250,NCCB,46,49,50,281.0,14050.0,2021-10-19
2021101904016067,SHPC,8,16,79,352.8,27871.2,2021-10-19
2021101904016066,SHPC,8,56,21,352.0,7392.0,2021-10-19
2021101903020129,NRIC,6,54,18,1215.9,21886.2,2021-10-19
2021101904016065,AKPL,13,7,50,440.0,22000.0,2021-10-19
2021101904016064,RRHP,49,13,200,428.1,85620.0,2021-10-19
2021101903020128,JBBL,52,11,65,445.0,28925.0,2021-10-19
2021101903020127,JBBL,36,11,200,445.0,89000.0,2021-10-19
2021101903020126,JBBL,14,11,50,445.0,22250.0,2021-10-19
2021101903020125,JBBL,50,11,10,445.0,4450.0,2021-10-19
2021101903020124,JBBL,21,11,50,445.0,22250.0,2021-10-19
2021101905001983,JBLB,26,38,10,4220.1,42201.0,2021-10-19
2021101903020123,SMATA,22,29,19,1375.0,26125.0,2021-10-19
2021101904016063,API,25,13,50,391.0,19550.0,2021-10-19
2021101903020122,SDLBSL,32,29,10,1770.0,17700.0,2021-10-19
2021101901015249,SHIVM,53,22,10,1203.0,12030.0,2021-10-19
2021101901015248,GBIME,11,39,121,373.0,45133.0,2021-10-19
2021101901015247,GBIME,11,21,200,373.0,74600.0,2021-10-19
2021101901015246,GBIME,11,47,179,373.0,66767.0,2021-10-19
2021101903020121,JFL,21,8,50,539.0,26950.0,2021-10-19
2021101903020120,JFL,21,8,50,539.0,26950.0,2021-10-19
2021101901015245,PRVU,1,33,100,371.0,37100.0,2021-10-19
2021101901015244,CCBL,14,53,29,228.0,6612.0,2021-10-19
2021101901015243,CCBL,14,50,21,227.5,4777.5,2021-10-19
2021101903020119,FOWAD,18,4,92,2610.0,240120.0,2021-10-19
2021101903020118,FOWAD,39,4,25,2610.0,65250.0,2021-10-19
2021101903020117,FOWAD,14,4,50,2611.0,130550.0,2021-10-19
2021101903020116,FOWAD,14,4,33,2625.0,86625.0,2021-10-19
2021101905001982,ULI,45,49,100,560.3,56030.0,2021-10-19
2021101903020115,SHINE,48,6,10,429.5,4295.0,2021-10-19
2021101903020114,LICN,25,54,10,1869.0,18690.0,2021-10-19
2021101901015242,SRBL,25,36,965,296.0,285640.0,2021-10-19
2021101903020113,LICN,25,45,50,1867.0,93350.0,2021-10-19
2021101901015241,SRBL,25,48,35,296.0,10360.0,2021-10-19
2021101901015240,SANIMA,35,D01,50,490.0,24500.0,2021-10-19
2021101904016062,UPPER,22,19,50,557.0,27850.0,2021-10-19
2021101901015239,PCBL,49,25,220,448.0,98560.0,2021-10-19
2021101905001981,SLI,19,16,10,515.0,5150.0,2021-10-19
2021101904016061,UPCL,37,43,80,293.0,23440.0,2021-10-19
2021101901015238,NABIL,52,42,140,1433.0,200620.0,2021-10-19
2021101904016060,AHPC,45,22,45,360.0,16200.0,2021-10-19
2021101903020112,PROFL,58,59,10,359.0,3590.0,2021-10-19
2021101904016059,SHL,29,51,200,217.0,43400.0,2021-10-19
2021101904016058,UPCL,57,43,10,293.0,2930.0,2021-10-19
2021101904016057,UPCL,50,43,100,293.0,29300.0,2021-10-19
2021101904016056,UPCL,34,43,50,294.0,14700.0,2021-10-19
2021101904016055,UPCL,34,43,30,295.0,8850.0,2021-10-19
2021101904016054,UPCL,48,43,20,295.0,5900.0,2021-10-19
2021101904016053,UPCL,49,43,20,297.0,5940.0,2021-10-19
2021101904016052,UPCL,38,43,50,298.0,14900.0,2021-10-19
2021101904016051,UPCL,58,43,10,298.0,2980.0,2021-10-19
2021101904016050,UPCL,41,43,130,298.0,38740.0,2021-10-19
2021101901015237,MEGA,13,21,100,301.0,30100.0,2021-10-19
2021101904016049,MHNL,45,49,40,325.0,13000.0,2021-10-19
2021101904016048,MHNL,58,49,20,325.1,6502.0,2021-10-19
2021101901015236,CBL,40,8,1000,230.4,230400.0,2021-10-19
2021101901015235,SHIVM,33,22,30,1203.0,36090.0,2021-10-19
2021101901015234,SANIMA,6,D01,100,490.0,49000.0,2021-10-19
2021101904016047,RRHP,48,43,30,430.0,12900.0,2021-10-19
2021101901015233,NABIL,34,42,10,1433.0,14330.0,2021-10-19
2021101904016046,SPDL,25,59,50,363.0,18150.0,2021-10-19
2021101904016045,NHDL,33,45,100,390.0,39000.0,2021-10-19
2021101904016044,NHDL,11,45,80,392.0,31360.0,2021-10-19
2021101904016043,AHPC,45,22,40,360.0,14400.0,2021-10-19
2021101901015232,BOKL,45,21,70,317.0,22190.0,2021-10-19
2021101904016042,DHPL,48,45,50,270.0,13500.0,2021-10-19
2021101903020111,SDLBSL,58,29,12,1770.0,21240.0,2021-10-19
2021101903020110,SDLBSL,58,39,103,1770.0,182310.0,2021-10-19
2021101901015231,GBIME,32,47,50,373.0,18650.0,2021-10-19
2021101901015230,GBIME,42,47,50,373.0,18650.0,2021-10-19
2021101904016041,HGI,5,32,500,600.0,300000.0,2021-10-19
2021101903020109,NTC,43,39,20,987.0,19740.0,2021-10-19
2021101903020108,CIT,25,40,14,3224.0,45136.0,2021-10-19
2021101903020107,CIT,1,40,16,3225.0,51600.0,2021-10-19
2021101901015229,SBI,25,33,771,331.3,255432.3,2021-10-19
2021101901015228,SBI,22,33,100,332.0,33200.0,2021-10-19
2021101901015227,SBI,40,33,100,332.0,33200.0,2021-10-19
2021101903020106,SINDU,32,57,20,392.0,7840.0,2021-10-19
2021101901015226,SBI,49,33,30,332.0,9960.0,2021-10-19
2021101901015225,SBI,25,33,100,332.3,33230.0,2021-10-19
2021101901015224,SBI,58,33,70,332.3,23261.0,2021-10-19
2021101901015223,SBI,58,33,10,332.3,3323.0,2021-10-19
2021101901015222,SBI,59,33,1000,332.3,332300.0,2021-10-19
2021101901015221,SBI,39,33,500,332.8,166400.0,2021-10-19
2021101901015220,SBI,32,33,10,333.0,3330.0,2021-10-19
2021101901015219,SBI,45,33,50,333.0,16650.0,2021-10-19
2021101901015218,SBI,58,33,24,334.2,8020.8,2021-10-19
2021101901015217,SBI,58,33,10,334.2,3342.0,2021-10-19
2021101905001980,JBLB,58,6,10,4224.0,42240.0,2021-10-19
2021101903020105,KMCDB,34,58,30,1165.0,34950.0,2021-10-19
2021101903020104,KMCDB,34,26,50,1165.0,58250.0,2021-10-19
2021101903020103,KMCDB,34,37,100,1155.0,115500.0,2021-10-19
2021101903020102,KMCDB,34,4,10,1154.0,11540.0,2021-10-19
2021101903020101,KMCDB,34,58,10,1150.0,11500.0,2021-10-19
2021101903020100,KMCDB,34,40,100,1149.9,114990.0,2021-10-19
2021101901015216,NBB,56,35,100,386.9,38690.0,2021-10-19
2021101901015215,NABIL,13,42,100,1433.0,143300.0,2021-10-19
2021101904016040,PRIN,58,42,10,746.0,7460.0,2021-10-19
2021101901015214,BOKL,32,21,90,317.0,28530.0,2021-10-19
2021101901015213,BOKL,32,43,10,316.9,3169.0,2021-10-19
2021101904016039,DHPL,48,32,55,270.0,14850.0,2021-10-19
2021101903020099,SMFDB,49,42,25,1290.0,32250.0,2021-10-19
2021101901015212,SANIMA,43,D01,100,490.0,49000.0,2021-10-19
2021101905001979,JBLB,58,21,10,4224.0,42240.0,2021-10-19
2021101904016038,AKPL,38,45,125,436.0,54500.0,2021-10-19
2021101901015211,NCCB,10,34,10,282.0,2820.0,2021-10-19
2021101904016037,JOSHI,44,38,300,287.0,86100.0,2021-10-19
2021101901015210,SHIVM,22,58,25,1202.0,30050.0,2021-10-19
2021101901015209,SHIVM,22,40,27,1202.0,32454.0,2021-10-19
2021101904016036,AHPC,36,22,215,360.0,77400.0,2021-10-19
2021101903020098,FMDBL,57,13,10,852.0,8520.0,2021-10-19
2021101903020097,LBBL,57,57,20,465.0,9300.0,2021-10-19
2021101903020096,KSBBL,48,56,886,634.1,561812.6,2021-10-19
2021101903020095,KSBBL,52,56,31,634.1,19657.1,2021-10-19
2021101903020094,KSBBL,19,56,10,635.0,6350.0,2021-10-19
2021101903020093,KSBBL,58,56,70,635.0,44450.0,2021-10-19
2021101903020092,KSBBL,28,56,100,635.0,63500.0,2021-10-19
2021101903020091,KSBBL,33,56,50,635.0,31750.0,2021-10-19
2021101903020090,KSBBL,44,56,20,635.0,12700.0,2021-10-19
2021101903020089,KSBBL,20,56,200,635.0,127000.0,2021-10-19
2021101903020088,KSBBL,32,56,381,635.0,241935.0,2021-10-19
2021101903020087,KSBBL,33,56,309,635.1,196245.9,2021-10-19
2021101903020086,KSBBL,35,56,20,635.3,12706.0,2021-10-19
2021101903020085,KSBBL,52,56,30,636.0,19080.0,2021-10-19
2021101901015208,BOKL,56,43,90,316.9,28521.0,2021-10-19
2021101903020084,KSBBL,58,56,10,636.0,6360.0,2021-10-19
2021101901015207,NABIL,58,13,100,1432.0,143200.0,2021-10-19
2021101903020083,KSBBL,43,56,33,636.0,20988.0,2021-10-19
2021101904016035,UPPER,32,45,80,558.0,44640.0,2021-10-19
2021101904016034,KPCL,42,21,10,498.0,4980.0,2021-10-19
2021101903020082,JBBL,59,6,445,445.0,198025.0,2021-10-19
2021101903020081,JBBL,16,6,172,446.0,76712.0,2021-10-19
2021101903020080,JBBL,18,6,50,446.0,22300.0,2021-10-19
2021101903020079,MNBBL,25,57,485,649.0,314765.0,2021-10-19
2021101903020078,MNBBL,25,49,105,649.0,68145.0,2021-10-19
2021101903020077,JBBL,39,45,26,446.0,11596.0,2021-10-19
2021101901015206,MBL,41,50,50,363.0,18150.0,2021-10-19
2021101904016033,AKPL,32,45,50,436.0,21800.0,2021-10-19
2021101903020076,JBBL,35,8,197,450.0,88650.0,2021-10-19
2021101903020075,JBBL,35,50,100,449.0,44900.0,2021-10-19
2021101903020074,JBBL,35,45,115,448.0,51520.0,2021-10-19
2021101903020073,JBBL,35,17,200,448.0,89600.0,2021-10-19
2021101903020072,JBBL,35,46,388,448.0,173824.0,2021-10-19
2021101901015205,SBL,28,39,59,433.0,25547.0,2021-10-19
2021101903020071,SDLBSL,25,39,48,1770.0,84960.0,2021-10-19
2021101901015204,SBL,53,39,100,433.0,43300.0,2021-10-19
2021101903020070,SDLBSL,45,39,20,1770.0,35400.0,2021-10-19
2021101901015203,SBL,48,39,125,433.0,54125.0,2021-10-19
2021101903020069,SDLBSL,46,39,29,1770.0,51330.0,2021-10-19
2021101903020068,CLBSL,40,26,10,1295.0,12950.0,2021-10-19
2021101901015202,SHIVM,14,40,10,1202.0,12020.0,2021-10-19
2021101904016032,HDHPC,38,16,10,270.9,2709.0,2021-10-19
2021101904016031,AKPL,18,45,20,436.0,8720.0,2021-10-19
2021101903020067,GBBL,57,55,50,525.0,26250.0,2021-10-19
2021101901015201,PRVU,45,33,100,371.0,37100.0,2021-10-19
2021101903020066,CBBL,58,55,10,1645.0,16450.0,2021-10-19
2021101901015200,PCBL,54,14,23,447.9,10301.7,2021-10-19
2021101905001978,JBLB,11,21,10,4225.0,42250.0,2021-10-19
2021101903020065,SLBBL,42,53,15,1489.0,22335.0,2021-10-19
2021101903020064,MERO,38,51,200,1310.0,262000.0,2021-10-19
2021101903020063,MNBBL,53,49,155,649.0,100595.0,2021-10-19
2021101903020062,MNBBL,53,11,115,648.0,74520.0,2021-10-19
2021101903020061,SDLBSL,5,52,24,1773.0,42552.0,2021-10-19
2021101903020060,SDLBSL,5,57,65,1773.0,115245.0,2021-10-19
2021101903020059,SDLBSL,5,4,11,1772.0,19492.0,2021-10-19
2021101903020058,MLBSL,50,43,11,4832.0,53152.0,2021-10-19
2021101903020057,MLBSL,28,43,40,4832.0,193280.0,2021-10-19
2021101903020056,MLBSL,26,43,10,4833.0,48330.0,2021-10-19
2021101901015199,CZBIL,D01,40,100,294.3,29430.0,2021-10-19
2021101905001977,SLI,19,19,10,515.0,5150.0,2021-10-19
2021101905001976,JBLB,26,38,10,4220.1,42201.0,2021-10-19
2021101903020055,LBBL,38,44,100,465.0,46500.0,2021-10-19
2021101903020054,NRIC,16,29,10,1215.0,12150.0,2021-10-19
2021101905001975,JBLB,56,49,10,4221.0,42210.0,2021-10-19
2021101903020053,PFL,49,47,50,523.0,26150.0,2021-10-19
2021101901015198,SANIMA,18,D01,40,490.0,19600.0,2021-10-19
2021101903020052,CIT,1,57,34,3225.0,109650.0,2021-10-19
2021101904016030,KKHC,49,48,56,290.0,16240.0,2021-10-19
2021101903020051,GMFIL,34,13,10,439.0,4390.0,2021-10-19
2021101903020050,GMFIL,34,43,10,435.0,4350.0,2021-10-19
2021101901015197,SANIMA,45,D01,70,490.0,34300.0,2021-10-19
2021101901015196,NBL,58,53,500,458.6,229300.0,2021-10-19
2021101903020049,KSBBL,32,49,200,637.0,127400.0,2021-10-19
2021101901015195,GBIME,51,47,70,373.0,26110.0,2021-10-19
2021101901015194,SCB,13,29,20,520.0,10400.0,2021-10-19
2021101901015193,SCB,13,29,50,520.0,26000.0,2021-10-19
2021101901015192,SCB,51,29,100,520.0,52000.0,2021-10-19
2021101901015191,SCB,45,29,100,520.0,52000.0,2021-10-19
2021101901015190,SCB,45,29,50,520.0,26000.0,2021-10-19
2021101901015189,SCB,10,29,166,520.0,86320.0,2021-10-19
2021101904016029,CHCL,26,19,30,564.0,16920.0,2021-10-19
2021101904016028,UPPER,36,57,223,557.0,124211.0,2021-10-19
2021101904016027,UPCL,41,57,100,298.0,29800.0,2021-10-19
2021101903020048,SDLBSL,46,6,10,1770.0,17700.0,2021-10-19
2021101903020047,MLBL,32,45,68,551.0,37468.0,2021-10-19
2021101903020046,MLBL,32,56,10,551.0,5510.0,2021-10-19
2021101903020045,MLBL,32,36,1400,551.0,771400.0,2021-10-19
2021101901015188,SANIMA,51,D01,20,490.0,9800.0,2021-10-19
2021101903020044,SADBL,58,22,10,359.0,3590.0,2021-10-19
2021101903020043,SADBL,56,22,10,359.0,3590.0,2021-10-19
2021101903020042,SADBL,40,22,100,359.0,35900.0,2021-10-19
2021101903020041,NLIC,40,57,100,1608.0,160800.0,2021-10-19
2021101904016026,NIL,11,55,15,1215.0,18225.0,2021-10-19
2021101904016025,NIL,33,55,10,1215.1,12151.0,2021-10-19
2021101904016024,AKPL,19,45,20,436.0,8720.0,2021-10-19
2021101903020040,PROFL,58,59,10,357.1,3571.0,2021-10-19
2021101904016023,AHPC,36,20,285,360.0,102600.0,2021-10-19
2021101903020039,SADBL,22,52,50,360.0,18000.0,2021-10-19
2021101904016022,AKJCL,45,6,165,272.0,44880.0,2021-10-19
2021101904016021,AKJCL,38,6,35,272.0,9520.0,2021-10-19
2021101904016020,IGI,25,38,25,959.0,23975.0,2021-10-19
2021101903020038,MLBL,32,56,10,550.1,5501.0,2021-10-19
2021101903020037,ALICL,45,57,200,1109.0,221800.0,2021-10-19
2021101901015187,SANIMA,45,D01,30,490.0,14700.0,2021-10-19
2021101904016019,EIC,41,52,50,598.0,29900.0,2021-10-19
2021101904016018,HGI,5,32,39,600.0,23400.0,2021-10-19
2021101904016017,HGI,49,32,50,600.1,30005.0,2021-10-19
2021101903020036,HIDCL,5,54,100,291.0,29100.0,2021-10-19
2021101903020035,HIDCL,47,54,500,292.0,146000.0,2021-10-19
2021101904016016,NHPC,26,42,48,333.0,15984.0,2021-10-19
2021101904016015,NHPC,14,42,100,333.0,33300.0,2021-10-19
2021101904016014,NHPC,1,42,20,333.0,6660.0,2021-10-19
2021101904016013,NHPC,18,42,107,333.0,35631.0,2021-10-19
2021101904016012,NHPC,49,42,25,334.0,8350.0,2021-10-19
2021101904016011,NHPC,42,42,100,334.0,33400.0,2021-10-19
2021101903020034,NLIC,25,55,100,1606.1,160610.0,2021-10-19
2021101905001974,SLI,19,16,10,515.0,5150.0,2021-10-19
2021101901015186,NABIL,26,42,20,1433.0,28660.0,2021-10-19
2021101901015185,NBB,57,43,100,387.0,38700.0,2021-10-19
2021101903020033,SDLBSL,19,6,100,1770.0,177000.0,2021-10-19
2021101903020032,KMCDB,34,57,18,1149.0,20682.0,2021-10-19
2021101903020031,KMCDB,34,43,60,1141.0,68460.0,2021-10-19
2021101903020030,KMCDB,34,48,475,1135.0,539125.0,2021-10-19
2021101903020029,KMCDB,34,59,947,1130.0,1070110.0,2021-10-19
2021101903020028,KMCDB,34,50,200,1130.0,226000.0,2021-10-19
2021101903020027,PFL,57,41,150,519.0,77850.0,2021-10-19
2021101903020026,PFL,19,41,50,519.5,25975.0,2021-10-19
2021101903020025,PFL,58,41,100,520.0,52000.0,2021-10-19
2021101901015184,GBIME,58,47,100,373.0,37300.0,2021-10-19
2021101903020024,GBBL,40,48,74,527.0,38998.0,2021-10-19
2021101903020023,GBBL,40,34,40,527.0,21080.0,2021-10-19
2021101903020022,GBBL,40,58,36,525.0,18900.0,2021-10-19
2021101901015183,CBL,57,21,100,231.0,23100.0,2021-10-19
2021101901015182,PCBL,41,57,50,447.5,22375.0,2021-10-19
2021101901015181,PCBL,53,57,10,447.5,4475.0,2021-10-19
2021101901015180,PCBL,50,57,15,447.5,6712.5,2021-10-19
2021101901015179,PCBL,42,57,121,447.5,54147.5,2021-10-19
2021101903020021,GBBL,33,58,25,525.0,13125.0,2021-10-19
2021101903020020,GBBL,21,58,10,525.0,5250.0,2021-10-19
2021101903020019,GBBL,29,58,10,525.0,5250.0,2021-10-19
2021101903020018,GBBL,45,58,89,525.0,46725.0,2021-10-19
2021101904016010,UMHL,19,32,100,362.0,36200.0,2021-10-19
2021101901015178,SHIVM,21,40,10,1202.0,12020.0,2021-10-19
2021101903020017,MFIL,48,38,70,1000.0,70000.0,2021-10-19
2021101903020016,MFIL,29,38,10,1000.0,10000.0,2021-10-19
2021101903020015,MFIL,38,38,40,1002.0,40080.0,2021-10-19
2021101901015177,NMB,59,36,255,390.0,99450.0,2021-10-19
2021101903020014,NLIC,50,57,30,1608.0,48240.0,2021-10-19
2021101901015176,NICA,57,18,50,791.0,39550.0,2021-10-19
2021101903020013,EDBL,57,58,20,530.0,10600.0,2021-10-19
2021101903020012,MLBL,51,48,125,550.1,68762.5,2021-10-19
2021101903020011,MLBL,34,48,19,550.1,10451.9,2021-10-19
2021101901015175,CCBL,48,53,25,228.0,5700.0,2021-10-19
2021101904016009,API,57,13,20,390.0,7800.0,2021-10-19
2021101904016008,API,36,13,10,391.0,3910.0,2021-10-19
2021101904016007,GLH,52,45,10,379.0,3790.0,2021-10-19
2021101904016006,AHPC,58,44,10,361.0,3610.0,2021-10-19
2021101903020010,NABBC,43,50,10,709.0,7090.0,2021-10-19
2021101903020009,NICLBSL,1,21,10,1055.0,10550.0,2021-10-19
2021101901015174,SBI,42,21,10,334.5,3345.0,2021-10-19
2021101903020008,NICLBSL,58,21,10,1056.1,10561.0,2021-10-19
2021101903020007,CIT,25,19,10,3224.0,32240.0,2021-10-19
2021101903020006,CIT,50,19,20,3224.0,64480.0,2021-10-19
2021101903020005,NIFRA,38,50,74,334.8,24775.2,2021-10-19
2021101903020004,NIFRA,38,41,20,334.4,6688.0,2021-10-19
2021101904016005,API,36,39,500,391.0,195500.0,2021-10-19
2021101904016004,API,36,44,490,391.0,191590.0,2021-10-19
2021101901015173,PCBL,42,49,100,447.5,44750.0,2021-10-19
2021101904016003,MHNL,58,49,20,326.0,6520.0,2021-10-19
2021101903020003,RLI,16,39,300,479.9,143970.0,2021-10-19
2021101903020002,RLI,16,16,10,477.0,4770.0,2021-10-19
2021101903020001,RLI,16,45,10,477.0,4770.0,2021-10-19
2021101901015172,NABIL,50,42,20,1433.0,28660.0,2021-10-19
2021101904016002,API,8,44,10,391.0,3910.0,2021-10-19
2021101903020000,DDBL,19,25,10,1212.1,12121.0,2021-10-19
2021101904016001,GIMES1,56,7,5000,20.21,101050.0,2021-10-19
2021101901015171,NMB,17,36,100,390.0,39000.0,2021-10-19
2021101905001973,ULI,45,38,10,560.3,5603.0,2021-10-19
2021101901015170,SANIMA,49,D01,10,490.0,4900.0,2021-10-19
2021101901015169,NICA,22,18,200,791.0,158200.0,2021-10-19
2021101901015168,MBL,52,50,80,363.0,29040.0,2021-10-19
2021101901015167,MBL,52,34,20,363.0,7260.0,2021-10-19
2021101901015166,SANIMA,54,D01,50,490.0,24500.0,2021-10-19
2021101903019999,JBBL,39,8,172,446.0,76712.0,2021-10-19
2021101901015165,NMB,21,36,50,390.0,19500.0,2021-10-19
2021101904016000,SICL,21,57,10,1636.0,16360.0,2021-10-19
2021101904015999,UPPER,19,45,20,558.0,11160.0,2021-10-19
2021101901015164,MBL,6,48,10,362.9,3629.0,2021-10-19
2021101904015998,PMHPL,48,57,200,269.0,53800.0,2021-10-19
2021101901015163,EBL,22,52,61,697.0,42517.0,2021-10-19
2021101903019998,NUBL,28,26,10,1409.9,14099.0,2021-10-19
2021101901015162,SHIVM,37,40,53,1202.0,63706.0,2021-10-19
2021101901015161,NBL,17,41,200,459.0,91800.0,2021-10-19
2021101901015160,EBL,22,45,13,697.0,9061.0,2021-10-19
2021101903019997,ALICL,45,32,50,1105.0,55250.0,2021-10-19
2021101903019996,EDBL,58,58,10,530.0,5300.0,2021-10-19
2021101904015997,AKPL,51,45,20,436.0,8720.0,2021-10-19
2021101903019995,ILBS,19,44,230,1605.0,369150.0,2021-10-19
2021101903019994,HIDCL,5,34,35,291.0,10185.0,2021-10-19
2021101903019993,HIDCL,38,34,25,291.0,7275.0,2021-10-19
2021101903019992,NRN,41,34,72,571.0,41112.0,2021-10-19
2021101903019991,NRN,10,34,28,571.1,15990.8,2021-10-19
2021101901015159,MEGA,35,41,50,302.0,15100.0,2021-10-19
2021101901015158,NICA,38,18,30,791.0,23730.0,2021-10-19
2021101904015996,NIL,33,59,50,1215.1,60755.0,2021-10-19
2021101905001972,SLI,19,16,10,515.0,5150.0,2021-10-19
2021101901015157,MEGA,50,42,100,303.0,30300.0,2021-10-19
2021101904015995,DHPL,58,22,100,271.5,27150.0,2021-10-19
2021101903019990,SLBBL,57,53,10,1489.9,14899.0,2021-10-19
2021101901015156,NABIL,5,42,20,1433.0,28660.0,2021-10-19
2021101901015155,ADBL,16,1,50,491.0,24550.0,2021-10-19
2021101903019989,JLI,34,38,10,539.0,5390.0,2021-10-19
2021101904015994,LEC,49,39,10,300.0,3000.0,2021-10-19
2021101901015154,NCCB,56,34,50,282.0,14100.0,2021-10-19
2021101903019988,GLICL,34,34,40,539.0,21560.0,2021-10-19
2021101903019987,GLICL,7,34,50,539.0,26950.0,2021-10-19
2021101903019986,GLICL,41,34,10,539.0,5390.0,2021-10-19
2021101903019985,GLICL,29,34,30,539.0,16170.0,2021-10-19
2021101903019984,CIT,50,6,10,3224.0,32240.0,2021-10-19
2021101903019983,MDB,45,44,100,551.0,55100.0,2021-10-19
2021101903019982,NLIC,22,57,10,1608.0,16080.0,2021-10-19
2021101903019981,MFIL,38,35,10,1002.0,10020.0,2021-10-19
2021101903019980,MFIL,38,33,50,1002.0,50100.0,2021-10-19
2021101901015153,HDL,49,41,10,6529.0,65290.0,2021-10-19
2021101905001971,JBLB,50,3,10,4220.1,42201.0,2021-10-19
2021101905001970,SLI,19,56,10,515.0,5150.0,2021-10-19
2021101901015152,CZBIL,34,34,220,295.0,64900.0,2021-10-19
2021101901015151,CZBIL,34,40,100,294.9,29490.0,2021-10-19
2021101901015150,CZBIL,34,56,90,294.5,26505.0,2021-10-19
2021101901015149,CZBIL,34,36,90,294.3,26487.0,2021-10-19
2021101901015148,MEGA,51,28,103,300.2,30920.6,2021-10-19
2021101901015147,MEGA,57,28,50,300.4,15020.0,2021-10-19
2021101901015146,MEGA,47,28,50,300.4,15020.0,2021-10-19
2021101901015145,MEGA,57,28,35,300.5,10517.5,2021-10-19
2021101901015144,MEGA,49,28,100,300.5,30050.0,2021-10-19
2021101901015143,MEGA,37,28,345,300.5,103672.5,2021-10-19
2021101901015142,MEGA,28,28,3000,300.6,901800.0,2021-10-19
2021101901015141,MEGA,45,28,169,300.6,50801.4,2021-10-19
2021101901015140,MEGA,8,28,100,301.0,30100.0,2021-10-19
2021101901015139,MEGA,22,28,10,301.0,3010.0,2021-10-19
2021101901015138,MEGA,21,28,50,301.0,15050.0,2021-10-19
2021101901015137,MEGA,28,28,2000,301.0,602000.0,2021-10-19
2021101901015136,MEGA,22,28,10,301.0,3010.0,2021-10-19
2021101901015135,MEGA,1,28,10,301.0,3010.0,2021-10-19
2021101901015134,MEGA,56,28,100,301.0,30100.0,2021-10-19
2021101901015133,MEGA,59,28,500,301.1,150550.0,2021-10-19
2021101901015132,MEGA,49,28,200,301.1,60220.0,2021-10-19
2021101901015131,MEGA,22,28,20,301.2,6024.0,2021-10-19
2021101901015130,MEGA,50,28,100,301.5,30150.0,2021-10-19
2021101901015129,MEGA,45,28,100,302.0,30200.0,2021-10-19
2021101901015128,MEGA,41,28,100,302.0,30200.0,2021-10-19
2021101901015127,MEGA,11,28,300,302.0,90600.0,2021-10-19
2021101901015126,MEGA,22,28,100,302.0,30200.0,2021-10-19
2021101901015125,MEGA,52,28,40,302.0,12080.0,2021-10-19
2021101901015124,MEGA,45,42,40,303.0,12120.0,2021-10-19
2021101904015993,UMHL,58,13,27,363.0,9801.0,2021-10-19
2021101904015992,UMHL,58,42,23,362.5,8337.5,2021-10-19
2021101903019979,SAPDBL,54,57,100,321.0,32100.0,2021-10-19
2021101901015123,SRBL,35,48,10,296.0,2960.0,2021-10-19
2021101903019978,JFL,21,45,70,538.0,37660.0,2021-10-19
2021101901015122,NCCB,46,55,62,281.0,17422.0,2021-10-19
2021101901015121,NCCB,59,55,38,281.0,10678.0,2021-10-19
2021101901015120,NABIL,14,10,50,1432.0,71600.0,2021-10-19
2021101903019977,MNBBL,14,49,200,649.0,129800.0,2021-10-19
2021101901015119,NABIL,14,28,42,1432.0,60144.0,2021-10-19
2021101901015118,MEGA,17,42,30,303.0,9090.0,2021-10-19
2021101903019976,MDB,45,19,500,550.2,275100.0,2021-10-19
2021101903019975,MDB,45,19,300,550.2,165060.0,2021-10-19
2021101903019974,MDB,45,19,100,550.3,55030.0,2021-10-19
2021101903019973,MDB,55,19,100,550.4,55040.0,2021-10-19
2021101904015991,UPPER,36,22,50,557.0,27850.0,2021-10-19
2021101901015117,NABIL,42,10,100,1430.0,143000.0,2021-10-19
2021101901015116,NABIL,38,10,10,1430.1,14301.0,2021-10-19
2021101901015115,NABIL,45,10,100,1431.0,143100.0,2021-10-19
2021101901015114,NABIL,41,10,10,1431.0,14310.0,2021-10-19
2021101901015113,NABIL,28,10,10,1431.0,14310.0,2021-10-19
2021101901015112,NABIL,25,10,20,1431.0,28620.0,2021-10-19
2021101903019972,BFC,22,49,150,385.0,57750.0,2021-10-19
2021101904015990,SSHL,42,8,175,285.0,49875.0,2021-10-19
2021101901015111,MEGA,35,42,50,303.0,15150.0,2021-10-19
2021101901015110,MKJC,58,35,10,384.5,3845.0,2021-10-19
2021101901015109,EBL,19,32,20,697.5,13950.0,2021-10-19
2021101903019971,MDB,8,44,100,551.0,55100.0,2021-10-19
2021101903019970,MDB,59,44,94,551.0,51794.0,2021-10-19
2021101903019969,SLICL,50,19,10,750.0,7500.0,2021-10-19
2021101903019968,GBBL,45,48,31,525.0,16275.0,2021-10-19
2021101903019967,GBBL,58,48,20,525.0,10500.0,2021-10-19
2021101903019966,GBBL,11,48,49,525.0,25725.0,2021-10-19
2021101901015108,NABIL,6,28,50,1432.0,71600.0,2021-10-19
2021101901015107,MBL,6,45,233,362.9,84555.7,2021-10-19
2021101901015106,NABIL,51,28,17,1432.0,24344.0,2021-10-19
2021101903019965,NLIC,7,57,50,1608.0,80400.0,2021-10-19
2021101904015989,AKPL,21,45,40,436.0,17440.0,2021-10-19
2021101905001969,JBLB,50,38,10,4220.1,42201.0,2021-10-19
2021101903019964,MLBL,34,48,125,550.1,68762.5,2021-10-19
2021101904015988,UPCL,41,34,100,298.0,29800.0,2021-10-19
2021101903019963,MLBL,34,22,56,550.0,30800.0,2021-10-19
2021101904015987,HURJA,42,37,10,383.0,3830.0,2021-10-19
2021101903019962,MMFDB,34,7,20,1431.0,28620.0,2021-10-19
2021101901015105,SHIVM,45,22,147,1203.0,176841.0,2021-10-19
2021101903019961,MNBBL,19,49,30,649.0,19470.0,2021-10-19
2021101903019960,JBBL,35,8,100,445.0,44500.0,2021-10-19
2021101903019959,JBBL,44,8,100,445.0,44500.0,2021-10-19
2021101903019958,JBBL,22,8,200,445.1,89020.0,2021-10-19
2021101903019957,FOWAD,14,4,117,2625.0,307125.0,2021-10-19
2021101903019956,FOWAD,50,4,20,2625.2,52504.0,2021-10-19
2021101903019955,FOWAD,45,4,100,2630.0,263000.0,2021-10-19
2021101903019954,FOWAD,51,4,33,2645.0,87285.0,2021-10-19
2021101901015104,NBL,50,41,10,459.0,4590.0,2021-10-19
2021101904015986,EIC,51,47,24,597.2,14332.8,2021-10-19
2021101903019953,NIFRA,47,37,10,334.1,3341.0,2021-10-19
2021101903019952,NIFRA,10,37,20,334.3,6686.0,2021-10-19
2021101903019951,NIFRA,55,37,20,334.5,6690.0,2021-10-19
2021101903019950,NLIC,34,57,25,1608.0,40200.0,2021-10-19
2021101901015103,SHIVM,45,39,95,1203.0,114285.0,2021-10-19
2021101903019949,JFL,48,45,400,537.0,214800.0,2021-10-19
2021101903019948,CHDC,41,39,20,723.9,14478.0,2021-10-19
2021101903019947,CHDC,20,39,100,724.0,72400.0,2021-10-19
2021101903019946,CHDC,47,39,150,724.1,108615.0,2021-10-19
2021101903019945,CHDC,10,39,20,724.1,14482.0,2021-10-19
2021101903019944,CHDC,46,39,200,724.2,144840.0,2021-10-19
2021101903019943,CHDC,45,39,50,725.0,36250.0,2021-10-19
2021101903019942,CHDC,10,39,10,727.0,7270.0,2021-10-19
2021101903019941,GBBL,11,35,23,525.0,12075.0,2021-10-19
2021101904015985,RADHI,35,13,32,515.0,16480.0,2021-10-19
2021101904015984,RADHI,19,13,10,515.0,5150.0,2021-10-19
2021101904015983,SPDL,52,4,50,362.0,18100.0,2021-10-19
2021101904015982,SPDL,54,4,50,362.0,18100.0,2021-10-19
2021101903019940,MLBL,44,22,100,550.0,55000.0,2021-10-19
2021101903019939,MLBL,48,22,50,550.0,27500.0,2021-10-19
2021101903019938,MLBL,41,22,20,550.0,11000.0,2021-10-19
2021101903019937,MLBL,22,22,500,550.0,275000.0,2021-10-19
2021101903019936,MLBL,13,22,50,550.0,27500.0,2021-10-19
2021101903019935,MLBL,34,22,11,550.0,6050.0,2021-10-19
2021101903019934,MLBL,58,22,13,550.0,7150.0,2021-10-19
2021101904015981,SHPC,43,57,500,350.1,175050.0,2021-10-19
2021101904015980,SHPC,32,57,100,350.1,35010.0,2021-10-19
2021101903019933,SHINE,40,57,135,427.0,57645.0,2021-10-19
2021101904015979,SHPC,46,57,130,351.0,45630.0,2021-10-19
2021101901015102,SBL,48,58,75,433.0,32475.0,2021-10-19
2021101905001968,JBLB,47,8,10,4220.1,42201.0,2021-10-19
2021101901015101,NBL,58,41,200,459.0,91800.0,2021-10-19
2021101901015100,SBL,41,58,25,433.0,10825.0,2021-10-19
2021101901015099,MBL,22,45,50,362.9,18145.0,2021-10-19
2021101903019932,SDLBSL,17,29,70,1770.0,123900.0,2021-10-19
2021101904015978,RHPL,49,54,100,329.0,32900.0,2021-10-19
2021101904015977,AHPC,47,44,510,361.0,184110.0,2021-10-19
2021101904015976,AHPC,47,35,500,360.0,180000.0,2021-10-19
2021101904015975,AHPC,47,59,160,360.0,57600.0,2021-10-19
2021101904015974,AHPC,47,49,330,357.0,117810.0,2021-10-19
2021101904015973,LEC,5,34,100,297.0,29700.0,2021-10-19
2021101903019931,ALBSL,28,13,12,1625.2,19502.4,2021-10-19
2021101901015098,MBL,52,45,100,362.9,36290.0,2021-10-19
2021101903019930,NLIC,45,57,35,1608.0,56280.0,2021-10-19
2021101903019929,NLIC,45,35,15,1607.0,24105.0,2021-10-19
2021101903019928,LICN,25,45,50,1868.0,93400.0,2021-10-19
2021101904015972,UIC,57,32,249,548.0,136452.0,2021-10-19
2021101904015971,UIC,16,32,10,548.0,5480.0,2021-10-19
2021101904015970,UPPER,6,21,63,555.0,34965.0,2021-10-19
2021101904015969,UPPER,41,21,100,555.0,55500.0,2021-10-19
2021101904015968,UPPER,51,21,50,555.0,27750.0,2021-10-19
2021101904015967,UPPER,42,21,10,555.0,5550.0,2021-10-19
2021101903019927,SDLBSL,35,29,20,1770.0,35400.0,2021-10-19
2021101901015097,CZBIL,52,36,500,294.2,147100.0,2021-10-19
2021101901015096,NABIL,20,42,50,1433.0,71650.0,2021-10-19
2021101901015095,PRVU,29,49,17,370.6,6300.2,2021-10-19
2021101901015094,NICA,26,18,50,791.0,39550.0,2021-10-19
2021101904015966,SICL,44,57,11,1636.0,17996.0,2021-10-19
2021101904015965,SICL,44,39,200,1636.0,327200.0,2021-10-19
2021101904015964,SICL,44,45,50,1635.0,81750.0,2021-10-19
2021101904015963,SICL,44,11,39,1635.0,63765.0,2021-10-19
2021101904015962,NHPC,57,4,386,336.0,129696.0,2021-10-19
2021101904015961,NHPC,57,22,14,335.0,4690.0,2021-10-19
2021101904015960,SSHL,34,8,25,285.0,7125.0,2021-10-19
2021101903019926,GFCL,47,13,10,600.0,6000.0,2021-10-19
2021101901015093,PCBL,5,14,30,447.9,13437.0,2021-10-19
2021101903019925,NLIC,35,35,10,1607.0,16070.0,2021-10-19
2021101901015092,NABIL,19,42,20,1433.0,28660.0,2021-10-19
2021101905001967,SLI,19,16,10,515.0,5150.0,2021-10-19
2021101903019924,NLICL,44,57,50,900.0,45000.0,2021-10-19
2021101904015959,NHPC,52,22,86,335.0,28810.0,2021-10-19
2021101903019923,GFCL,47,56,100,600.0,60000.0,2021-10-19
2021101903019922,MNBBL,51,49,30,649.0,19470.0,2021-10-19
2021101903019921,MNBBL,51,39,20,649.0,12980.0,2021-10-19
2021101903019920,MNBBL,51,39,200,649.0,129800.0,2021-10-19
2021101903019919,MNBBL,51,57,50,649.0,32450.0,2021-10-19
2021101903019918,SHINE,6,6,100,429.5,42950.0,2021-10-19
2021101904015958,SPDL,54,45,15,362.0,5430.0,2021-10-19
2021101901015091,ADBL,45,49,50,492.0,24600.0,2021-10-19
2021101903019917,SLICL,10,53,16,748.0,11968.0,2021-10-19
2021101901015090,CBL,22,21,100,231.0,23100.0,2021-10-19
2021101901015089,GBIME,43,47,500,373.0,186500.0,2021-10-19
2021101901015088,CZBIL,52,55,190,294.2,55898.0,2021-10-19
2021101903019916,SHINE,38,58,100,429.4,42940.0,2021-10-19
2021101903019915,NRIC,16,38,50,1215.0,60750.0,2021-10-19
2021101903019914,NRIC,16,7,400,1215.0,486000.0,2021-10-19
2021101901015087,SANIMA,34,D01,50,490.0,24500.0,2021-10-19
2021101904015957,NHPC,58,13,15,335.0,5025.0,2021-10-19
2021101903019913,SAPDBL,28,48,190,320.0,60800.0,2021-10-19
2021101903019912,NIFRA,47,58,20,334.1,6682.0,2021-10-19
2021101903019911,NIFRA,22,58,30,334.1,10023.0,2021-10-19
2021101905001966,SLI,19,56,10,515.0,5150.0,2021-10-19
2021101901015086,EBL,22,7,100,697.0,69700.0,2021-10-19
2021101903019910,JSLBB,43,6,15,3105.0,46575.0,2021-10-19
2021101903019909,SDLBSL,45,29,10,1770.5,17705.0,2021-10-19
2021101901015085,PRVU,57,47,1501,370.5,556120.5,2021-10-19
2021101901015084,KBL,57,16,10,275.0,2750.0,2021-10-19
2021101901015083,NBB,51,57,65,386.5,25122.5,2021-10-19
2021101904015956,NIBSF1,33,56,200,11.56,2312.0,2021-10-19
2021101904015955,BPCL,45,17,25,467.0,11675.0,2021-10-19
2021101901015082,MKJC,58,47,10,391.0,3910.0,2021-10-19
2021101901015081,NMB,57,21,50,389.0,19450.0,2021-10-19
2021101903019908,GMFIL,49,43,100,435.0,43500.0,2021-10-19
2021101903019907,GMFIL,25,43,200,435.0,87000.0,2021-10-19
2021101903019906,GMFIL,1,43,20,435.0,8700.0,2021-10-19
2021101903019905,GMFIL,17,43,50,435.0,21750.0,2021-10-19
2021101903019904,GMFIL,49,43,100,438.0,43800.0,2021-10-19
2021101903019903,GMFIL,42,43,20,438.0,8760.0,2021-10-19
2021101903019902,SWBBL,35,37,10,1540.0,15400.0,2021-10-19
2021101904015954,LEC,5,49,40,297.0,11880.0,2021-10-19
2021101903019901,CHDC,10,19,10,727.0,7270.0,2021-10-19
2021101901015080,NICA,16,18,100,791.0,79100.0,2021-10-19
2021101903019900,MLBL,58,18,100,550.0,55000.0,2021-10-19
2021101901015079,GBIME,22,42,73,372.5,27192.5,2021-10-19
2021101901015078,SBL,1,58,100,433.0,43300.0,2021-10-19
2021101903019899,HIDCL,38,42,25,291.0,7275.0,2021-10-19
2021101904015953,MEN,17,57,10,1053.9,10539.0,2021-10-19
2021101903019898,JBBL,35,8,100,446.0,44600.0,2021-10-19
2021101903019897,NRIC,38,7,100,1215.0,121500.0,2021-10-19
2021101901015077,SRBL,49,48,100,296.0,29600.0,2021-10-19
2021101903019896,LLBS,49,39,65,1745.0,113425.0,2021-10-19
2021101904015952,JOSHI,47,16,20,286.0,5720.0,2021-10-19
2021101903019895,NICLBSL,1,57,20,1055.0,21100.0,2021-10-19
2021101903019894,NICLBSL,1,26,37,1055.0,39035.0,2021-10-19
2021101903019893,NICLBSL,40,26,14,1056.0,14784.0,2021-10-19
2021101903019892,MDB,59,50,65,551.0,35815.0,2021-10-19
2021101903019891,MDB,16,50,200,552.0,110400.0,2021-10-19
2021101901015076,SHIVM,11,39,100,1203.0,120300.0,2021-10-19
2021101904015951,GLH,14,39,10,380.0,3800.0,2021-10-19
2021101901015075,NBB,45,4,100,386.6,38660.0,2021-10-19
2021101904015950,UMHL,26,13,50,363.0,18150.0,2021-10-19
2021101901015074,SANIMA,55,D01,200,490.0,98000.0,2021-10-19
2021101901015073,SANIMA,26,D01,100,490.0,49000.0,2021-10-19
2021101901015072,SANIMA,52,D01,50,490.0,24500.0,2021-10-19
2021101901015071,SANIMA,49,D01,20,490.0,9800.0,2021-10-19
2021101901015070,SANIMA,6,D01,77,490.0,37730.0,2021-10-19
2021101904015949,UPCL,45,34,20,295.0,5900.0,2021-10-19
2021101904015948,UPCL,13,34,100,296.0,29600.0,2021-10-19
2021101904015947,SGI,6,58,10,551.0,5510.0,2021-10-19
2021101903019890,KSBBL,43,42,45,636.0,28620.0,2021-10-19
2021101901015069,GBIME,34,42,27,372.6,10060.2,2021-10-19
2021101903019889,NRIC,7,38,20,1214.0,24280.0,2021-10-19
2021101903019888,NRIC,53,58,50,1213.0,60650.0,2021-10-19
2021101903019887,NLIC,6,22,50,1607.0,80350.0,2021-10-19
2021101903019886,NLIC,29,22,50,1607.0,80350.0,2021-10-19
2021101901015068,KBL,46,16,10,275.0,2750.0,2021-10-19
2021101901015067,NBL,57,18,300,458.0,137400.0,2021-10-19
2021101901015066,NBL,57,28,115,458.0,52670.0,2021-10-19
2021101901015065,NBL,45,28,35,458.0,16030.0,2021-10-19
2021101901015064,NBL,10,28,350,458.0,160300.0,2021-10-19
2021101904015946,GLH,52,39,10,380.0,3800.0,2021-10-19
2021101903019885,SDLBSL,6,52,10,1773.9,17739.0,2021-10-19
2021101903019884,ICFC,6,59,50,605.0,30250.0,2021-10-19
2021101903019883,ICFC,6,16,50,605.0,30250.0,2021-10-19
2021101904015945,PMHPL,42,48,100,270.0,27000.0,2021-10-19
2021101901015063,NICA,57,54,50,790.2,39510.0,2021-10-19
2021101904015944,PSF,44,54,100,9.27,927.0,2021-10-19
2021101903019882,JLI,34,39,40,539.0,21560.0,2021-10-19
2021101901015062,NABIL,32,21,40,1432.0,57280.0,2021-10-19
2021101901015061,NABIL,6,21,10,1432.0,14320.0,2021-10-19
2021101901015060,NABIL,22,42,25,1433.0,35825.0,2021-10-19
2021101905001965,JBLB,56,14,10,4220.1,42201.0,2021-10-19
2021101904015943,NGPL,35,21,10,575.0,5750.0,2021-10-19
2021101901015059,SANIMA,49,53,50,490.8,24540.0,2021-10-19
2021101904015942,CGH,19,57,60,1266.0,75960.0,2021-10-19
2021101904015941,CGH,49,57,30,1266.1,37983.0,2021-10-19
2021101904015940,CGH,22,57,10,1266.2,12662.0,2021-10-19
2021101903019881,ALICL,45,43,50,1105.0,55250.0,2021-10-19
2021101901015058,KBL,42,16,10,275.0,2750.0,2021-10-19
2021101904015939,RHPL,14,54,210,329.0,69090.0,2021-10-19
2021101904015938,BBC,37,6,20,5000.0,100000.0,2021-10-19
2021101903019880,MLBSL,56,43,10,4842.0,48420.0,2021-10-19
2021101904015937,UPCL,34,28,10,300.0,3000.0,2021-10-19
2021101904015936,UPCL,34,55,100,299.0,29900.0,2021-10-19
2021101904015935,UPCL,34,49,160,298.0,47680.0,2021-10-19
2021101904015934,UPCL,34,43,110,298.0,32780.0,2021-10-19
2021101901015057,EBL,22,1,50,697.0,34850.0,2021-10-19
2021101903019879,DDBL,18,45,100,1211.0,121100.0,2021-10-19
2021101903019878,DDBL,11,45,200,1212.0,242400.0,2021-10-19
2021101903019877,SIFC,32,1,90,412.0,37080.0,2021-10-19
2021101903019876,SIFC,42,1,200,415.0,83000.0,2021-10-19
2021101903019875,SIFC,32,1,50,415.0,20750.0,2021-10-19
2021101903019874,SIFC,57,1,100,415.0,41500.0,2021-10-19
2021101903019873,SIFC,57,1,50,415.0,20750.0,2021-10-19
2021101903019872,SIFC,38,1,50,415.0,20750.0,2021-10-19
2021101903019871,SIFC,29,1,10,415.0,4150.0,2021-10-19
2021101903019870,SIFC,41,1,200,415.0,83000.0,2021-10-19
2021101903019869,SIFC,17,1,120,415.0,49800.0,2021-10-19
2021101903019868,SIFC,29,1,130,416.0,54080.0,2021-10-19
2021101905001964,SLI,19,16,10,515.0,5150.0,2021-10-19
2021101904015933,SIL,44,44,200,800.0,160000.0,2021-10-19
2021101903019867,MMFDB,50,34,50,1449.0,72450.0,2021-10-19
2021101904015932,AHPC,57,59,100,360.0,36000.0,2021-10-19
2021101904015931,EIC,54,52,300,598.0,179400.0,2021-10-19
2021101904015930,AKPL,42,45,10,436.0,4360.0,2021-10-19
2021101904015929,AKPL,50,45,20,436.0,8720.0,2021-10-19
2021101904015928,AKPL,49,45,100,436.0,43600.0,2021-10-19
2021101904015927,AKPL,41,45,100,436.0,43600.0,2021-10-19
2021101904015926,EIC,29,32,100,598.0,59800.0,2021-10-19
2021101904015925,EIC,45,32,31,598.0,18538.0,2021-10-19
2021101904015924,EIC,38,32,100,598.1,59810.0,2021-10-19
2021101904015923,EIC,29,32,50,598.1,29905.0,2021-10-19
2021101903019866,JBBL,53,8,50,446.0,22300.0,2021-10-19
2021101901015056,SRBL,44,55,50,295.1,14755.0,2021-10-19
2021101904015922,AHPC,38,59,30,360.0,10800.0,2021-10-19
2021101903019865,CFCL,38,49,10,451.8,4518.0,2021-10-19
2021101903019864,NIFRA,35,49,25,334.0,8350.0,2021-10-19
2021101903019863,NIFRA,6,49,10,334.3,3343.0,2021-10-19
2021101903019862,NIFRA,56,49,25,334.3,8357.5,2021-10-19
2021101903019861,NIFRA,57,22,60,334.5,20070.0,2021-10-19
2021101904015921,NHPC,58,48,85,335.0,28475.0,2021-10-19
2021101904015920,NHPC,34,48,50,335.0,16750.0,2021-10-19
2021101901015055,PRVU,52,49,400,370.6,148240.0,2021-10-19
2021101903019860,SAPDBL,32,48,200,320.0,64000.0,2021-10-19
2021101901015054,SANIMA,6,53,103,490.0,50470.0,2021-10-19
2021101903019859,KSBBL,40,49,200,637.0,127400.0,2021-10-19
2021101903019858,SAPDBL,38,48,100,320.0,32000.0,2021-10-19
2021101903019857,NABBC,49,19,100,685.0,68500.0,2021-10-19
2021101903019856,DDBL,16,48,10,1217.0,12170.0,2021-10-19
2021101904015919,CHCL,26,33,10,565.0,5650.0,2021-10-19
2021101903019855,SADBL,22,22,200,360.0,72000.0,2021-10-19
2021101903019854,SADBL,22,22,23,360.0,8280.0,2021-10-19
2021101903019853,SADBL,56,22,10,360.0,3600.0,2021-10-19
2021101903019852,SDLBSL,47,6,40,1770.0,70800.0,2021-10-19
2021101901015053,SANIMA,6,13,20,490.0,9800.0,2021-10-19
2021101901015052,SANIMA,38,13,30,490.0,14700.0,2021-10-19
2021101901015051,SANIMA,14,13,50,490.0,24500.0,2021-10-19
2021101904015918,AIL,34,1,10,666.0,6660.0,2021-10-19
2021101904015917,AIL,38,1,90,666.0,59940.0,2021-10-19
2021101904015916,AIL,48,1,100,666.1,66610.0,2021-10-19
2021101904015915,AIL,6,1,10,667.0,6670.0,2021-10-19
2021101904015914,KEF,58,52,500,9.36,4680.0,2021-10-19
2021101901015050,CCBL,52,53,220,228.0,50160.0,2021-10-19
2021101903019851,SDLBSL,58,6,85,1770.0,150450.0,2021-10-19
2021101903019850,PLIC,19,59,200,815.0,163000.0,2021-10-19
2021101904015913,KKHC,49,40,60,290.0,17400.0,2021-10-19
2021101901015049,NMB,57,10,82,389.0,31898.0,2021-10-19
2021101901015048,NMB,56,10,55,389.0,21395.0,2021-10-19
2021101901015047,NMB,49,10,60,389.0,23340.0,2021-10-19
2021101901015046,NMB,35,10,100,389.1,38910.0,2021-10-19
2021101901015045,NMB,38,10,103,389.2,40087.6,2021-10-19
2021101903019849,LBBL,44,21,235,463.0,108805.0,2021-10-19
2021101903019848,MMFDB,50,48,115,1445.0,166175.0,2021-10-19
2021101904015912,DHPL,22,36,90,275.0,24750.0,2021-10-19
2021101904015911,DHPL,22,13,10,274.0,2740.0,2021-10-19
2021101903019847,CBBL,58,48,14,1644.0,23016.0,2021-10-19
2021101903019846,SFCL,41,7,59,403.0,23777.0,2021-10-19
2021101903019845,SFCL,57,7,441,403.0,177723.0,2021-10-19
2021101903019844,SDLBSL,21,52,10,1773.9,17739.0,2021-10-19
2021101904015910,API,58,43,500,388.0,194000.0,2021-10-19
2021101901015044,HDL,6,17,40,6516.0,260640.0,2021-10-19
2021101903019843,KSBBL,35,49,10,637.0,6370.0,2021-10-19
2021101904015909,API,36,26,43,392.9,16894.7,2021-10-19
2021101904015908,API,36,32,50,392.0,19600.0,2021-10-19
2021101904015907,API,36,11,500,392.0,196000.0,2021-10-19
2021101904015906,API,36,21,70,392.0,27440.0,2021-10-19
2021101904015905,API,36,49,107,391.5,41890.5,2021-10-19
2021101904015904,API,36,45,100,390.0,39000.0,2021-10-19
2021101904015903,API,36,48,3000,390.0,1170000.0,2021-10-19
2021101904015902,API,36,51,1130,390.0,440700.0,2021-10-19
2021101903019842,JSLBB,26,6,20,3105.0,62100.0,2021-10-19
2021101903019841,NRIC,57,58,20,1213.0,24260.0,2021-10-19
2021101904015901,RHPC,58,56,190,580.0,110200.0,2021-10-19
2021101904015900,RHPC,58,56,10,583.0,5830.0,2021-10-19
2021101904015899,RHPC,6,56,100,586.0,58600.0,2021-10-19
2021101904015898,RHPC,4,56,300,587.0,176100.0,2021-10-19
2021101903019840,KSBBL,14,49,100,637.0,63700.0,2021-10-19
2021101901015043,NICA,42,4,100,790.0,79000.0,2021-10-19
2021101901015042,NICA,50,4,80,790.0,63200.0,2021-10-19
2021101901015041,NICA,22,4,30,790.1,23703.0,2021-10-19
2021101901015040,NICA,41,14,150,790.2,118530.0,2021-10-19
2021101901015039,NABIL,45,42,10,1433.0,14330.0,2021-10-19
2021101903019839,NLIC,50,6,10,1607.0,16070.0,2021-10-19
2021101903019838,JBBL,58,8,100,446.0,44600.0,2021-10-19
2021101903019837,NUBL,7,49,500,1400.0,700000.0,2021-10-19
2021101903019836,NUBL,7,50,41,1400.0,57400.0,2021-10-19
2021101903019835,NUBL,7,49,107,1400.0,149800.0,2021-10-19
2021101903019834,LBBL,41,21,15,464.0,6960.0,2021-10-19
2021101903019833,NICLBSL,40,48,10,1056.0,10560.0,2021-10-19
2021101903019832,NICLBSL,40,35,26,1056.0,27456.0,2021-10-19
2021101901015038,CZBIL,52,17,500,294.2,147100.0,2021-10-19
2021101903019831,SIFC,1,26,100,418.0,41800.0,2021-10-19
2021101903019830,PROFL,49,36,50,350.1,17505.0,2021-10-19
2021101903019829,GLICL,25,49,100,540.0,54000.0,2021-10-19
2021101901015037,NCCB,59,6,12,281.0,3372.0,2021-10-19
