contract,symbol,buyer,seller,qty,rate,amt,date
2021101801012462,NICA,28,36,556,830.0,461480.0,2021-10-18
2021101801012461,NICA,28,58,75,829.5,62212.5,2021-10-18
2021101801012460,NICA,28,14,48,829.1,39796.8,2021-10-18
2021101801012459,NICA,28,33,500,828.0,414000.0,2021-10-18
2021101801012458,NICA,28,33,260,827.8,215228.0,2021-10-18
2021101801012457,NICA,28,47,883,827.0,730241.0,2021-10-18
2021101801012456,NICA,28,33,300,826.9,248070.0,2021-10-18
2021101801012455,NICA,28,53,50,825.8,41290.0,2021-10-18
2021101801012454,NICA,28,33,390,824.0,321360.0,2021-10-18
2021101801012453,NICA,28,53,100,823.0,82300.0,2021-10-18
2021101801012452,NICA,28,11,200,823.0,164600.0,2021-10-18
2021101801012451,NICA,28,49,38,823.0,31274.0,2021-10-18
2021101801012450,NICA,28,11,100,822.3,82230.0,2021-10-18
2021101804011540,NHPC,38,42,140,369.0,51660.0,2021-10-18
2021101804011539,NHPC,5,42,70,369.1,25837.0,2021-10-18
2021101804011538,DHPL,26,45,880,287.0,252560.0,2021-10-18
2021101804011537,PMHPL,13,58,10,289.9,2899.0,2021-10-18
2021101801012449,NCCB,44,1,500,295.9,147950.0,2021-10-18
2021101801012448,NCCB,44,19,200,295.9,59180.0,2021-10-18
2021101801012447,NCCB,44,51,100,295.8,29580.0,2021-10-18
2021101801012446,NCCB,44,58,330,295.8,97614.0,2021-10-18
2021101801012445,NCCB,44,48,469,295.0,138355.0,2021-10-18
2021101803014664,MFIL,55,34,10,1020.0,10200.0,2021-10-18
2021101804011542,PICL,29,50,100,645.0,64500.0,2021-10-18
2021101804011541,RRHP,58,49,100,475.0,47500.0,2021-10-18
2021101803014663,SHINE,58,16,100,447.0,44700.0,2021-10-18
2021101801012463,GBIME,45,1,100,388.9,38890.0,2021-10-18
2021101803014662,KSBBL,51,57,340,661.0,224740.0,2021-10-18
2021101801012444,MBL,38,22,165,372.0,61380.0,2021-10-18
2021101801012443,MBL,49,22,100,372.0,37200.0,2021-10-18
2021101801012442,MBL,14,22,35,372.0,13020.0,2021-10-18
2021101803014661,RLI,28,1,10,493.0,4930.0,2021-10-18
2021101803014660,NICLBSL,5,42,150,1097.0,164550.0,2021-10-18
2021101803014659,NICLBSL,5,53,20,1097.0,21940.0,2021-10-18
2021101803014658,RLFL,17,1,500,496.0,248000.0,2021-10-18
2021101803014657,MLBL,48,49,2600,594.6,1545960.0,2021-10-18
2021101803014656,MLBL,48,45,100,594.6,59460.0,2021-10-18
2021101803014655,MLBL,48,4,100,590.4,59040.0,2021-10-18
2021101803014654,MLBL,48,49,2000,584.4,1168800.0,2021-10-18
2021101803014653,MLBL,48,37,1500,584.0,876000.0,2021-10-18
2021101804011536,UNHPL,21,45,20,304.0,6080.0,2021-10-18
2021101803014652,MLBL,48,1,50,584.0,29200.0,2021-10-18
2021101803014651,MLBL,48,34,100,580.0,58000.0,2021-10-18
2021101804011535,CHL,35,34,100,433.1,43310.0,2021-10-18
2021101803014650,MLBL,48,11,50,580.0,29000.0,2021-10-18
2021101803014649,MLBL,48,41,100,579.0,57900.0,2021-10-18
2021101803014648,MLBL,48,45,400,579.0,231600.0,2021-10-18
2021101803014647,MLBL,48,32,500,577.9,288950.0,2021-10-18
2021101803014646,MLBL,48,20,600,577.3,346380.0,2021-10-18
2021101803014645,MLBL,48,34,100,577.0,57700.0,2021-10-18
2021101803014644,MLBL,48,43,63,577.0,36351.0,2021-10-18
2021101803014643,MLBL,48,43,10,576.0,5760.0,2021-10-18
2021101803014642,MLBL,48,32,610,575.0,350750.0,2021-10-18
2021101803014641,MLBL,48,29,100,575.0,57500.0,2021-10-18
2021101803014640,MLBL,48,22,100,575.0,57500.0,2021-10-18
2021101803014639,MLBL,48,54,50,575.0,28750.0,2021-10-18
2021101803014638,MLBL,48,39,50,574.2,28710.0,2021-10-18
2021101803014637,MLBL,48,57,100,574.0,57400.0,2021-10-18
2021101803014636,MLBL,48,57,500,570.9,285450.0,2021-10-18
2021101803014635,MLBL,48,48,500,570.0,285000.0,2021-10-18
2021101803014634,MLBL,48,38,100,570.0,57000.0,2021-10-18
2021101803014633,MLBL,48,42,50,570.0,28500.0,2021-10-18
2021101803014632,MLBL,48,48,1000,570.0,570000.0,2021-10-18
2021101803014631,MLBL,48,29,100,570.0,57000.0,2021-10-18
2021101803014630,MLBL,48,16,50,570.0,28500.0,2021-10-18
2021101803014629,MLBL,48,34,100,570.0,57000.0,2021-10-18
2021101803014628,MLBL,48,34,100,568.0,56800.0,2021-10-18
2021101803014627,MLBL,48,34,350,566.4,198240.0,2021-10-18
2021101803014626,MLBL,48,40,1000,566.3,566300.0,2021-10-18
2021101803014625,MLBL,48,48,500,566.0,283000.0,2021-10-18
2021101803014624,MLBL,48,48,500,565.0,282500.0,2021-10-18
2021101803014623,MLBL,48,40,1000,564.7,564700.0,2021-10-18
2021101803014622,MLBL,48,34,100,564.0,56400.0,2021-10-18
2021101803014621,MLBL,48,42,46,564.0,25944.0,2021-10-18
2021101803014620,MLBL,48,1,160,563.0,90080.0,2021-10-18
2021101803014619,MLBL,48,48,100,562.9,56290.0,2021-10-18
2021101803014618,MLBL,48,17,50,560.0,28000.0,2021-10-18
2021101803014617,MLBL,48,39,121,558.0,67518.0,2021-10-18
2021101804011534,RHPC,4,56,210,617.1,129591.0,2021-10-18
2021101804011533,RHPC,17,56,10,618.0,6180.0,2021-10-18
2021101803014616,CBBL,51,49,10,1700.0,17000.0,2021-10-18
2021101801012441,NCCB,1,53,160,294.0,47040.0,2021-10-18
2021101801012440,NCCB,42,53,200,294.0,58800.0,2021-10-18
2021101801012439,NCCB,22,53,20,294.0,5880.0,2021-10-18
2021101801012438,NCCB,47,53,100,294.1,29410.0,2021-10-18
2021101801012437,NCCB,14,53,10,294.2,2942.0,2021-10-18
2021101801012436,NCCB,45,53,500,294.2,147100.0,2021-10-18
2021101803014615,PFL,41,50,28,565.0,15820.0,2021-10-18
2021101803014614,NLBBL,58,32,70,1358.9,95123.0,2021-10-18
2021101803014613,NLBBL,58,38,10,1358.0,13580.0,2021-10-18
2021101803014612,NMFBS,46,34,10,2840.0,28400.0,2021-10-18
2021101803014611,NMFBS,46,39,80,2800.0,224000.0,2021-10-18
2021101804011532,NHPC,5,42,200,369.1,73820.0,2021-10-18
2021101803014610,LBBL,42,59,10,494.0,4940.0,2021-10-18
2021101801012435,GBIME,6,40,20,389.0,7780.0,2021-10-18
2021101801012434,NBL,47,38,10,472.0,4720.0,2021-10-18
2021101801012433,NBL,47,56,140,472.0,66080.0,2021-10-18
2021101804011531,RHPC,32,42,10,620.0,6200.0,2021-10-18
2021101804011530,CGH,7,52,20,1300.0,26000.0,2021-10-18
2021101801012432,MKJC,49,8,10,417.5,4175.0,2021-10-18
2021101803014609,SMATA,59,39,30,1450.0,43500.0,2021-10-18
2021101803014608,ICFC,21,36,20,645.0,12900.0,2021-10-18
2021101801012431,NMB,11,48,49,401.0,19649.0,2021-10-18
2021101801012430,NMB,28,48,629,401.0,252229.0,2021-10-18
2021101803014607,MLBL,32,42,200,558.0,111600.0,2021-10-18
2021101803014606,ALBSL,29,14,29,1644.0,47676.0,2021-10-18
2021101803014605,SAPDBL,35,3,30,345.0,10350.0,2021-10-18
2021101803014604,LICN,25,50,19,1938.0,36822.0,2021-10-18
2021101803014603,LICN,25,32,50,1935.0,96750.0,2021-10-18
2021101803014602,LICN,25,49,191,1932.0,369012.0,2021-10-18
2021101803014601,LICN,25,49,100,1932.0,193200.0,2021-10-18
2021101803014600,LICN,25,55,50,1930.0,96500.0,2021-10-18
2021101803014599,LICN,25,3,90,1930.0,173700.0,2021-10-18
2021101801012429,MEGA,28,39,26,320.0,8320.0,2021-10-18
2021101801012428,MEGA,28,35,140,319.9,44786.0,2021-10-18
2021101801012427,MEGA,28,16,410,319.0,130790.0,2021-10-18
2021101801012426,MEGA,28,33,1000,318.0,318000.0,2021-10-18
2021101801012425,MEGA,28,17,124,317.0,39308.0,2021-10-18
2021101801012424,MEGA,28,58,100,317.0,31700.0,2021-10-18
2021101801012423,MEGA,28,14,200,316.0,63200.0,2021-10-18
2021101804011529,SIL,44,42,31,825.0,25575.0,2021-10-18
2021101804011528,SIL,41,42,36,826.0,29736.0,2021-10-18
2021101804011527,RRHP,4,42,530,467.1,247563.0,2021-10-18
2021101803014598,MFIL,45,34,10,1020.0,10200.0,2021-10-18
2021101801012422,SANIMA,45,57,20,499.0,9980.0,2021-10-18
2021101804011526,STC,49,56,30,7889.0,236670.0,2021-10-18
2021101804011525,STC,49,25,10,7880.0,78800.0,2021-10-18
2021101801012421,NICA,41,6,30,822.0,24660.0,2021-10-18
2021101801012420,NICA,58,6,60,822.0,49320.0,2021-10-18
2021101801012419,NICA,49,6,10,822.0,8220.0,2021-10-18
2021101803014597,MLBL,20,39,79,558.0,44082.0,2021-10-18
2021101804011524,GLH,41,14,127,391.0,49657.0,2021-10-18
2021101804011523,GLH,52,14,873,422.0,368406.0,2021-10-18
2021101803014581,SWBBL,26,51,42,1585.0,66570.0,2021-10-18
2021101803014580,SWBBL,54,51,20,1588.0,31760.0,2021-10-18
2021101804011522,BPCL,4,51,25,485.1,12127.5,2021-10-18
2021101803014579,SWBBL,21,51,10,1588.0,15880.0,2021-10-18
2021101804011521,GHL,58,50,10,310.5,3105.0,2021-10-18
2021101804011520,GHL,4,50,120,310.5,37260.0,2021-10-18
2021101804011519,GHL,35,50,100,310.6,31060.0,2021-10-18
2021101804011518,GHL,28,50,100,310.6,31060.0,2021-10-18
2021101804011517,GHL,48,50,2000,310.7,621400.0,2021-10-18
2021101804011516,GHL,49,50,25,310.7,7767.5,2021-10-18
2021101804011515,GHL,41,50,100,311.0,31100.0,2021-10-18
2021101804011514,GHL,19,50,10,311.0,3110.0,2021-10-18
2021101804011513,GHL,21,50,244,311.0,75884.0,2021-10-18
2021101804011512,GHL,4,50,50,312.0,15600.0,2021-10-18
2021101803014578,MLBSL,59,55,10,4951.0,49510.0,2021-10-18
2021101804011511,AHPC,5,29,10,387.9,3879.0,2021-10-18
2021101803014577,MLBSL,13,55,30,4960.0,148800.0,2021-10-18
2021101803014576,NRIC,36,20,122,1266.0,154452.0,2021-10-18
2021101803014575,NRIC,36,58,98,1265.0,123970.0,2021-10-18
2021101803014574,NRIC,36,42,30,1265.0,37950.0,2021-10-18
2021101804011510,RRHP,58,49,100,475.0,47500.0,2021-10-18
2021101803014573,SINDU,58,22,30,413.0,12390.0,2021-10-18
2021101803014596,MERO,48,58,90,1380.0,124200.0,2021-10-18
2021101803014595,MERO,48,22,110,1379.0,151690.0,2021-10-18
2021101803014594,MERO,48,48,100,1368.8,136880.0,2021-10-18
2021101803014593,MERO,48,55,415,1361.0,564815.0,2021-10-18
2021101803014592,MERO,48,19,50,1359.0,67950.0,2021-10-18
2021101803014591,MERO,48,32,65,1358.0,88270.0,2021-10-18
2021101803014590,MERO,48,19,100,1355.0,135500.0,2021-10-18
2021101803014589,MERO,48,16,36,1355.0,48780.0,2021-10-18
2021101803014588,MERO,48,35,50,1350.0,67500.0,2021-10-18
2021101805001732,SLI,38,58,10,537.0,5370.0,2021-10-18
2021101803014587,MERO,48,36,100,1350.0,135000.0,2021-10-18
2021101803014586,MERO,48,36,100,1350.0,135000.0,2021-10-18
2021101803014585,MERO,48,32,200,1350.0,270000.0,2021-10-18
2021101803014584,MERO,48,35,500,1349.0,674500.0,2021-10-18
2021101803014583,MERO,48,19,69,1348.0,93012.0,2021-10-18
2021101803014582,MERO,48,49,15,1347.0,20205.0,2021-10-18
2021101801012418,CZBIL,45,42,34,308.0,10472.0,2021-10-18
2021101805001731,JBLB,42,22,15,4390.0,65850.0,2021-10-18
2021101801012417,NBB,26,38,90,403.0,36270.0,2021-10-18
2021101801012416,SCB,45,39,50,531.0,26550.0,2021-10-18
2021101804011509,UPPER,10,45,100,581.0,58100.0,2021-10-18
2021101803014572,PFL,45,50,50,565.0,28250.0,2021-10-18
2021101801012415,BOKL,45,13,30,330.0,9900.0,2021-10-18
2021101801012414,BOKL,14,13,20,330.0,6600.0,2021-10-18
2021101801012413,BOKL,51,13,100,330.0,33000.0,2021-10-18
2021101803014571,SINDU,37,6,45,412.0,18540.0,2021-10-18
2021101803014570,SINDU,42,6,200,412.1,82420.0,2021-10-18
2021101804011508,RRHP,44,49,725,475.0,344375.0,2021-10-18
2021101804011507,RRHP,44,57,250,474.9,118725.0,2021-10-18
2021101804011506,RRHP,44,58,195,470.0,91650.0,2021-10-18
2021101804011505,RRHP,44,58,50,469.0,23450.0,2021-10-18
2021101804011504,RRHP,44,22,1180,469.0,553420.0,2021-10-18
2021101804011503,RRHP,44,41,100,468.0,46800.0,2021-10-18
2021101803014569,NLBBL,44,32,10,1358.9,13589.0,2021-10-18
2021101804011502,SICL,21,26,20,1689.0,33780.0,2021-10-18
2021101804011501,KPCL,28,17,100,498.0,49800.0,2021-10-18
2021101804011500,PPCL,17,56,40,386.0,15440.0,2021-10-18
2021101801012412,PCBL,58,4,10,467.0,4670.0,2021-10-18
2021101804011499,RADHI,57,46,50,543.3,27165.0,2021-10-18
2021101804011498,RADHI,50,46,100,543.3,54330.0,2021-10-18
2021101804011497,GLH,52,57,100,422.0,42200.0,2021-10-18
2021101804011496,SHPC,38,57,42,369.0,15498.0,2021-10-18
2021101804011495,SHPC,45,57,158,369.0,58302.0,2021-10-18
2021101803014568,SFCL,42,41,40,430.0,17200.0,2021-10-18
2021101804011494,KPCL,32,17,10,498.0,4980.0,2021-10-18
2021101804011493,RURU,28,14,10,988.9,9889.0,2021-10-18
2021101804011492,RURU,21,14,10,990.0,9900.0,2021-10-18
2021101804011491,RURU,34,14,30,992.0,29760.0,2021-10-18
2021101803014567,SIFC,59,16,100,445.1,44510.0,2021-10-18
2021101804011490,RURU,16,14,190,992.0,188480.0,2021-10-18
2021101804011489,RURU,58,14,10,995.0,9950.0,2021-10-18
2021101804011488,RURU,55,14,50,995.0,49750.0,2021-10-18
2021101804011487,RURU,32,14,100,995.0,99500.0,2021-10-18
2021101804011486,RURU,7,14,50,996.0,49800.0,2021-10-18
2021101804011485,RURU,45,14,40,998.0,39920.0,2021-10-18
2021101804011484,RURU,36,14,10,998.0,9980.0,2021-10-18
2021101804011483,LEC,26,21,100,321.0,32100.0,2021-10-18
2021101803014566,ICFC,34,38,350,643.3,225155.0,2021-10-18
2021101803014565,NABBC,43,56,12,720.0,8640.0,2021-10-18
2021101804011482,SICL,32,38,22,1688.0,37136.0,2021-10-18
2021101804011481,UNHPL,32,45,50,304.0,15200.0,2021-10-18
2021101803014564,MERO,58,58,2,1343.0,2686.0,2021-10-18
2021101803014563,MERO,58,36,150,1343.0,201450.0,2021-10-18
2021101803014562,MERO,50,36,50,1344.0,67200.0,2021-10-18
2021101804011480,STC,54,58,10,7880.0,78800.0,2021-10-18
2021101803014561,SHINE,42,16,100,447.0,44700.0,2021-10-18
2021101801012411,MBL,59,1,20,373.0,7460.0,2021-10-18
2021101804011479,UPCL,58,22,25,318.0,7950.0,2021-10-18
2021101804011478,UPCL,54,22,75,318.0,23850.0,2021-10-18
2021101804011477,UPCL,17,22,100,318.1,31810.0,2021-10-18
2021101803014560,ICFC,34,17,650,643.3,418145.0,2021-10-18
2021101803014559,ICFC,58,17,20,643.4,12868.0,2021-10-18
2021101803014558,ICFC,36,17,30,644.0,19320.0,2021-10-18
2021101803014557,NICLBSL,3,29,10,1095.0,10950.0,2021-10-18
2021101804011476,AHPC,58,13,313,388.0,121444.0,2021-10-18
2021101804011475,AHPC,58,38,79,388.0,30652.0,2021-10-18
2021101805001730,JBLB,51,22,30,4390.0,131700.0,2021-10-18
2021101801012410,SANIMA,57,57,25,499.0,12475.0,2021-10-18
2021101804011474,BARUN,42,59,100,384.0,38400.0,2021-10-18
2021101803014556,SKBBL,45,38,50,1736.9,86845.0,2021-10-18
2021101804011473,NIL,19,47,50,1252.6,62630.0,2021-10-18
2021101804011472,SJCL,47,41,43,344.0,14792.0,2021-10-18
2021101803014555,FOWAD,7,44,45,2730.0,122850.0,2021-10-18
2021101803014554,FOWAD,33,44,25,2731.0,68275.0,2021-10-18
2021101803014553,FOWAD,37,44,10,2733.0,27330.0,2021-10-18
2021101803014552,FOWAD,38,44,10,2733.0,27330.0,2021-10-18
2021101803014551,FOWAD,10,44,10,2734.0,27340.0,2021-10-18
2021101804011471,LGIL,16,32,460,640.0,294400.0,2021-10-18
2021101801012409,SHIVM,22,44,10,1272.0,12720.0,2021-10-18
2021101803014550,SADBL,33,39,371,380.0,140980.0,2021-10-18
2021101803014549,SADBL,33,37,129,380.0,49020.0,2021-10-18
2021101804011470,KPCL,8,34,590,497.0,293230.0,2021-10-18
2021101801012408,EICPO,34,37,10,377.0,3770.0,2021-10-18
2021101803014548,SADBL,28,37,20,380.0,7600.0,2021-10-18
2021101801012407,NBL,57,17,235,470.0,110450.0,2021-10-18
2021101803014547,GILB,1,38,20,2143.0,42860.0,2021-10-18
2021101803014546,GFCL,56,34,100,636.0,63600.0,2021-10-18
2021101803014545,RLFL,13,20,20,496.0,9920.0,2021-10-18
2021101803014544,MPFL,53,28,10,440.0,4400.0,2021-10-18
2021101801012406,NBL,57,50,204,470.0,95880.0,2021-10-18
2021101801012405,NBL,17,50,160,470.0,75200.0,2021-10-18
2021101801012404,NBL,57,50,100,470.0,47000.0,2021-10-18
2021101801012403,NBL,4,50,200,470.0,94000.0,2021-10-18
2021101801012402,NBL,45,50,50,470.0,23500.0,2021-10-18
2021101801012401,NBL,6,50,25,470.1,11752.5,2021-10-18
2021101801012400,NBL,57,50,175,471.0,82425.0,2021-10-18
2021101804011469,IGI,54,48,40,989.0,39560.0,2021-10-18
2021101804011468,IGI,54,56,10,988.0,9880.0,2021-10-18
2021101801012399,SBL,57,54,140,444.0,62160.0,2021-10-18
2021101803014543,SABSL,8,48,11,1997.0,21967.0,2021-10-18
2021101804011467,GLH,52,29,100,422.0,42200.0,2021-10-18
2021101804011466,GLH,52,58,30,422.0,12660.0,2021-10-18
2021101804011465,GLH,52,37,120,422.0,50640.0,2021-10-18
2021101804011464,GLH,52,58,300,421.0,126300.0,2021-10-18
2021101804011463,GLH,52,6,100,421.0,42100.0,2021-10-18
2021101804011462,GLH,52,21,55,420.0,23100.0,2021-10-18
2021101804011461,GLH,52,49,20,420.0,8400.0,2021-10-18
2021101804011460,GLH,52,7,970,420.0,407400.0,2021-10-18
2021101804011459,GLH,52,41,100,419.2,41920.0,2021-10-18
2021101804011458,GLH,52,58,22,419.2,9222.4,2021-10-18
2021101804011457,GLH,52,58,80,418.9,33512.0,2021-10-18
2021101804011456,GLH,52,21,10,418.0,4180.0,2021-10-18
2021101804011455,GLH,52,52,70,417.1,29197.0,2021-10-18
2021101804011454,GLH,52,37,300,416.0,124800.0,2021-10-18
2021101804011453,GLH,52,14,300,415.0,124500.0,2021-10-18
2021101804011452,GLH,52,41,450,414.0,186300.0,2021-10-18
2021101801012398,NBL,57,28,55,471.0,25905.0,2021-10-18
2021101801012397,NBL,42,28,100,471.0,47100.0,2021-10-18
2021101804011451,AHPC,5,38,10,388.0,3880.0,2021-10-18
2021101801012396,MBL,14,42,64,372.0,23808.0,2021-10-18
2021101801012395,MBL,22,42,16,372.0,5952.0,2021-10-18
2021101803014542,PROFL,4,45,50,378.0,18900.0,2021-10-18
2021101803014541,PROFL,48,45,30,378.0,11340.0,2021-10-18
2021101801012394,HDL,50,49,10,6685.0,66850.0,2021-10-18
2021101801012393,NABIL,44,35,282,1468.0,413976.0,2021-10-18
2021101801012392,NABIL,44,1,18,1468.0,26424.0,2021-10-18
2021101801012391,PCBL,14,4,50,467.0,23350.0,2021-10-18
2021101803014540,SADBL,34,37,15,380.0,5700.0,2021-10-18
2021101804011450,GIMES1,51,49,1000,20.49,20490.0,2021-10-18
2021101803014539,NIFRA,45,54,20,348.0,6960.0,2021-10-18
2021101803014538,NIFRA,41,54,140,348.0,48720.0,2021-10-18
2021101804011449,DHPL,58,19,20,282.0,5640.0,2021-10-18
2021101803014537,HIDCL,49,25,15,300.0,4500.0,2021-10-18
2021101803014536,HIDCL,20,25,135,300.0,40500.0,2021-10-18
2021101804011448,SICL,35,26,20,1689.0,33780.0,2021-10-18
2021101803014535,NUBL,22,57,50,1446.0,72300.0,2021-10-18
2021101803014534,NUBL,22,57,50,1446.0,72300.0,2021-10-18
2021101803014533,NUBL,22,57,50,1446.0,72300.0,2021-10-18
2021101803014532,NUBL,56,57,20,1449.0,28980.0,2021-10-18
2021101803014531,NUBL,58,57,10,1450.0,14500.0,2021-10-18
2021101803014530,NUBL,33,57,20,1450.0,29000.0,2021-10-18
2021101803014529,NUBL,42,57,20,1450.0,29000.0,2021-10-18
2021101803014528,NUBL,58,57,20,1450.0,29000.0,2021-10-18
2021101803014527,NUBL,17,57,70,1450.0,101500.0,2021-10-18
2021101803014526,NUBL,21,57,20,1451.0,29020.0,2021-10-18
2021101803014525,NUBL,36,57,150,1452.0,217800.0,2021-10-18
2021101803014524,NUBL,34,57,16,1452.0,23232.0,2021-10-18
2021101804011447,DHPL,45,19,20,282.0,5640.0,2021-10-18
2021101804011446,DHPL,14,19,10,282.0,2820.0,2021-10-18
2021101804011445,DHPL,34,19,100,282.3,28230.0,2021-10-18
2021101804011444,DHPL,50,19,50,283.0,14150.0,2021-10-18
2021101803014523,JBBL,48,42,20,469.0,9380.0,2021-10-18
2021101803014522,JBBL,42,42,50,469.5,23475.0,2021-10-18
2021101803014521,JBBL,4,42,30,469.8,14094.0,2021-10-18
2021101801012390,MKJC,26,7,10,424.0,4240.0,2021-10-18
2021101801012389,MKJC,26,21,10,424.0,4240.0,2021-10-18
2021101801012388,MKJC,26,59,10,422.0,4220.0,2021-10-18
2021101801012387,MKJC,26,57,10,422.0,4220.0,2021-10-18
2021101801012386,MKJC,26,41,10,422.0,4220.0,2021-10-18
2021101801012385,MKJC,26,54,50,422.0,21100.0,2021-10-18
2021101801012384,MKJC,26,46,10,421.0,4210.0,2021-10-18
2021101801012383,MKJC,26,34,10,420.0,4200.0,2021-10-18
2021101801012382,MKJC,26,51,10,419.9,4199.0,2021-10-18
2021101804011443,SJCL,44,45,500,343.0,171500.0,2021-10-18
2021101804011442,RHPL,22,7,200,340.0,68000.0,2021-10-18
2021101803014520,CFCL,32,20,30,472.0,14160.0,2021-10-18
2021101803014519,JFL,11,49,20,569.9,11398.0,2021-10-18
2021101804011441,UMHL,14,52,100,390.4,39040.0,2021-10-18
2021101804011440,UMHL,33,52,100,390.4,39040.0,2021-10-18
2021101804011439,GHL,33,21,10,335.0,3350.0,2021-10-18
2021101804011438,GHL,33,51,10,328.0,3280.0,2021-10-18
2021101804011437,GHL,33,41,10,322.0,3220.0,2021-10-18
2021101804011436,STC,17,58,10,7880.0,78800.0,2021-10-18
2021101804011435,NHPC,4,41,50,369.9,18495.0,2021-10-18
2021101803014518,FOWAD,35,36,49,2740.0,134260.0,2021-10-18
2021101804011434,UMHL,59,52,200,391.0,78200.0,2021-10-18
2021101804011433,UMHL,53,52,500,391.0,195500.0,2021-10-18
2021101804011432,UMHL,1,52,500,391.0,195500.0,2021-10-18
2021101804011431,UMHL,52,52,200,391.0,78200.0,2021-10-18
2021101804011430,UMHL,57,52,100,391.0,39100.0,2021-10-18
2021101804011429,UMHL,18,52,679,391.0,265489.0,2021-10-18
2021101804011428,UMHL,34,52,200,391.1,78220.0,2021-10-18
2021101804011427,UMHL,14,52,100,391.1,39110.0,2021-10-18
2021101804011426,UMHL,6,52,126,392.0,49392.0,2021-10-18
2021101804011425,UMHL,37,52,420,393.0,165060.0,2021-10-18
2021101804011424,UMHL,47,6,500,394.0,197000.0,2021-10-18
2021101804011423,NICL,16,46,90,784.7,70623.0,2021-10-18
2021101804011422,NICL,16,45,20,784.7,15694.0,2021-10-18
2021101804011421,NICL,16,38,50,784.7,39235.0,2021-10-18
2021101804011420,NICL,16,11,100,784.7,78470.0,2021-10-18
2021101804011419,NICL,16,54,60,784.7,47082.0,2021-10-18
2021101804011418,PICL,21,50,300,645.0,193500.0,2021-10-18
2021101804011417,MHNL,18,4,40,350.0,14000.0,2021-10-18
2021101804011416,MHNL,6,4,50,350.0,17500.0,2021-10-18
2021101804011415,MHNL,44,4,40,351.0,14040.0,2021-10-18
2021101803014517,GRDBL,41,59,54,361.0,19494.0,2021-10-18
2021101801012381,NMB,58,48,30,401.1,12033.0,2021-10-18
2021101805001729,SLI,38,25,10,536.5,5365.0,2021-10-18
2021101803014516,NFS,29,57,90,486.0,43740.0,2021-10-18
2021101801012380,SANIMA,8,57,100,499.0,49900.0,2021-10-18
2021101803014515,NFS,56,57,10,486.0,4860.0,2021-10-18
2021101801012379,SANIMA,17,57,45,499.0,22455.0,2021-10-18
2021101804011414,SHPC,45,45,42,369.0,15498.0,2021-10-18
2021101803014514,MNBBL,49,50,245,670.0,164150.0,2021-10-18
2021101804011413,AHPC,50,38,30,388.0,11640.0,2021-10-18
2021101803014513,DDBL,32,37,10,1251.0,12510.0,2021-10-18
2021101801012378,SHIVM,41,39,55,1271.5,69932.5,2021-10-18
2021101801012377,KBL,59,58,50,282.0,14100.0,2021-10-18
2021101804011412,UMHL,37,4,80,393.0,31440.0,2021-10-18
2021101803014512,JBBL,3,38,10,470.0,4700.0,2021-10-18
2021101803014511,KRBL,17,57,20,413.0,8260.0,2021-10-18
2021101803014510,GBLBS,38,17,20,981.0,19620.0,2021-10-18
2021101801012376,SBI,19,48,32,350.0,11200.0,2021-10-18
2021101801012375,NMB,29,48,42,401.1,16846.2,2021-10-18
2021101801012374,NMB,45,48,100,401.1,40110.0,2021-10-18
2021101801012373,NMB,6,48,150,401.1,60165.0,2021-10-18
2021101803014509,KSBBL,45,43,750,660.0,495000.0,2021-10-18
2021101803014508,KSBBL,42,43,150,661.0,99150.0,2021-10-18
2021101803014507,KSBBL,48,43,100,661.1,66110.0,2021-10-18
2021101801012372,CZBIL,58,38,5,309.0,1545.0,2021-10-18
2021101805001728,JBLB,51,41,10,4390.0,43900.0,2021-10-18
2021101801012371,CZBIL,41,38,20,309.0,6180.0,2021-10-18
2021101803014506,ALBSL,8,14,10,1644.0,16440.0,2021-10-18
2021101803014505,NMFBS,34,35,10,2791.0,27910.0,2021-10-18
2021101804011411,PICL,8,42,100,643.0,64300.0,2021-10-18
2021101803014504,SWBBL,21,28,40,1588.0,63520.0,2021-10-18
2021101801012370,MEGA,34,22,30,315.0,9450.0,2021-10-18
2021101801012369,MKJC,49,28,10,417.5,4175.0,2021-10-18
2021101803014503,GRDBL,38,38,1,368.2,368.2,2021-10-18
2021101804011410,NGPL,56,37,15,590.0,8850.0,2021-10-18
2021101804011409,CMF2,49,4,23000,9.72,223560.0,2021-10-18
2021101804011408,CMF2,6,4,6000,9.73,58380.0,2021-10-18
2021101804011407,CMF2,45,4,1000,9.73,9730.0,2021-10-18
2021101804011406,CMF2,59,4,10000,9.73,97300.0,2021-10-18
2021101804011405,CMF2,6,4,6000,9.74,58440.0,2021-10-18
2021101804011404,CMF2,8,4,3000,9.85,29550.0,2021-10-18
2021101804011403,CMF2,21,4,1000,9.85,9850.0,2021-10-18
2021101801012368,SBL,57,53,50,444.0,22200.0,2021-10-18
2021101801012367,SBL,34,53,50,444.1,22205.0,2021-10-18
2021101804011402,KPCL,8,53,85,497.0,42245.0,2021-10-18
2021101801012366,SBL,49,53,100,444.1,44410.0,2021-10-18
2021101801012365,SBL,14,53,150,444.1,66615.0,2021-10-18
2021101804011401,NGPL,58,37,50,590.0,29500.0,2021-10-18
2021101804011400,STC,22,58,50,7880.0,394000.0,2021-10-18
2021101804011399,STC,41,58,10,7880.0,78800.0,2021-10-18
2021101804011398,STC,45,58,20,7880.0,157600.0,2021-10-18
2021101801012364,NICA,25,49,100,823.0,82300.0,2021-10-18
2021101803014502,GLBSL,28,42,51,1544.8,78784.8,2021-10-18
2021101803014501,GBLBS,26,17,20,981.0,19620.0,2021-10-18
2021101803014500,GBLBS,26,55,10,981.0,9810.0,2021-10-18
2021101801012363,SANIMA,42,33,25,500.0,12500.0,2021-10-18
2021101803014499,GBLBS,26,41,70,979.0,68530.0,2021-10-18
2021101803014498,MPFL,26,28,10,440.0,4400.0,2021-10-18
2021101804011397,UPPER,10,45,25,581.0,14525.0,2021-10-18
2021101804011396,AHPC,45,38,10,388.0,3880.0,2021-10-18
2021101803014497,GBBL,49,37,100,553.5,55350.0,2021-10-18
2021101803014496,GBBL,49,42,1580,553.5,874530.0,2021-10-18
2021101801012362,ADBL,49,41,50,496.0,24800.0,2021-10-18
2021101804011395,AKPL,50,40,10,464.0,4640.0,2021-10-18
2021101801012361,NABIL,44,1,232,1468.0,340576.0,2021-10-18
2021101801012360,NABIL,44,34,68,1465.0,99620.0,2021-10-18
2021101801012359,NICA,14,49,100,823.0,82300.0,2021-10-18
2021101803014495,NICLBSL,3,26,10,1095.0,10950.0,2021-10-18
2021101801012358,HDL,48,17,15,6685.0,100275.0,2021-10-18
2021101803014494,SMB,38,39,20,2550.0,51000.0,2021-10-18
2021101803014493,SMB,38,38,10,2549.0,25490.0,2021-10-18
2021101803014492,SMB,38,33,11,2549.0,28039.0,2021-10-18
2021101803014491,JFL,5,38,80,567.0,45360.0,2021-10-18
2021101803014490,JFL,45,38,20,567.0,11340.0,2021-10-18
2021101804011394,AHPC,48,38,200,388.0,77600.0,2021-10-18
2021101801012357,BOKL,57,13,20,330.0,6600.0,2021-10-18
2021101803014489,MFIL,13,47,135,1013.0,136755.0,2021-10-18
2021101801012356,BOKL,4,13,80,330.0,26400.0,2021-10-18
2021101801012355,BOKL,45,13,100,330.5,33050.0,2021-10-18
2021101804011393,CHCL,42,29,20,596.0,11920.0,2021-10-18
2021101804011392,CHCL,42,29,50,596.0,29800.0,2021-10-18
2021101804011391,NLG,14,57,300,858.0,257400.0,2021-10-18
2021101804011390,NLG,56,57,50,858.2,42910.0,2021-10-18
2021101801012354,KBL,57,58,50,282.0,14100.0,2021-10-18
2021101804011389,RBCL,49,19,10,17136.0,171360.0,2021-10-18
2021101803014488,GFCL,19,34,20,636.0,12720.0,2021-10-18
2021101805001727,SLI,45,32,10,540.0,5400.0,2021-10-18
2021101805001726,SLI,45,35,10,540.0,5400.0,2021-10-18
2021101805001725,SLI,45,58,10,540.0,5400.0,2021-10-18
2021101805001724,SLI,45,32,10,540.0,5400.0,2021-10-18
2021101805001723,SLI,45,49,10,540.0,5400.0,2021-10-18
2021101805001722,SLI,45,26,10,540.0,5400.0,2021-10-18
2021101805001721,SLI,45,22,10,540.0,5400.0,2021-10-18
2021101805001720,SLI,45,58,10,540.0,5400.0,2021-10-18
2021101805001719,SLI,45,34,10,540.0,5400.0,2021-10-18
2021101805001718,SLI,45,35,10,540.0,5400.0,2021-10-18
2021101805001717,SLI,45,28,10,540.0,5400.0,2021-10-18
2021101805001716,SLI,45,58,10,540.0,5400.0,2021-10-18
2021101805001715,SLI,45,58,10,540.0,5400.0,2021-10-18
2021101805001714,SLI,45,58,10,540.0,5400.0,2021-10-18
2021101804011388,STC,42,56,10,7889.0,78890.0,2021-10-18
2021101805001713,SLI,45,35,10,540.0,5400.0,2021-10-18
2021101805001712,SLI,45,54,10,539.0,5390.0,2021-10-18
2021101805001711,SLI,45,58,10,539.0,5390.0,2021-10-18
2021101805001710,SLI,45,49,10,538.0,5380.0,2021-10-18
2021101805001709,SLI,45,34,10,538.0,5380.0,2021-10-18
2021101805001708,SLI,45,42,10,537.0,5370.0,2021-10-18
2021101803014487,MFIL,58,47,100,1013.0,101300.0,2021-10-18
2021101803014486,MFIL,16,47,150,1013.1,151965.0,2021-10-18
2021101803014485,MFIL,19,47,100,1015.0,101500.0,2021-10-18
2021101803014484,MFIL,58,47,15,1020.0,15300.0,2021-10-18
2021101803014483,RMDC,39,17,18,1440.0,25920.0,2021-10-18
2021101804011387,AKJCL,17,45,125,290.0,36250.0,2021-10-18
2021101805001707,SLI,38,21,10,536.5,5365.0,2021-10-18
2021101801012353,HDL,48,48,20,6685.0,133700.0,2021-10-18
2021101803014482,MNBBL,48,50,100,670.0,67000.0,2021-10-18
2021101803014481,LBBL,14,53,420,491.0,206220.0,2021-10-18
2021101803014480,LBBL,13,53,305,492.0,150060.0,2021-10-18
2021101803014479,LBBL,42,53,162,493.0,79866.0,2021-10-18
2021101803014478,LBBL,56,53,20,493.0,9860.0,2021-10-18
2021101803014477,LBBL,45,53,83,493.0,40919.0,2021-10-18
2021101803014476,LBBL,56,53,450,494.0,222300.0,2021-10-18
2021101803014475,PLI,53,42,20,593.9,11878.0,2021-10-18
2021101803014474,NUBL,34,53,10,1452.0,14520.0,2021-10-18
2021101803014473,GRDBL,41,59,100,361.0,36100.0,2021-10-18
2021101803014472,CHDC,58,14,10,779.0,7790.0,2021-10-18
2021101804011386,UMHL,35,6,200,394.0,78800.0,2021-10-18
2021101803014471,LBBL,56,57,50,494.0,24700.0,2021-10-18
2021101803014470,LBBL,42,57,50,494.0,24700.0,2021-10-18
2021101804011385,NICL,1,54,20,784.7,15694.0,2021-10-18
2021101801012352,MEGA,40,22,10,315.0,3150.0,2021-10-18
2021101801012351,SBL,45,52,19,445.0,8455.0,2021-10-18
2021101801012350,SBL,45,33,31,445.0,13795.0,2021-10-18
2021101804011384,API,40,49,50,412.9,20645.0,2021-10-18
2021101804011383,UPPER,13,45,27,582.0,15714.0,2021-10-18
2021101803014469,NUBL,34,6,24,1452.0,34848.0,2021-10-18
2021101803014468,NUBL,59,6,125,1452.0,181500.0,2021-10-18
2021101803014467,GBBL,14,47,10,553.0,5530.0,2021-10-18
2021101804011382,SJCL,44,11,240,343.0,82320.0,2021-10-18
2021101804011381,SJCL,49,11,10,343.0,3430.0,2021-10-18
2021101804011380,SJCL,21,11,20,344.0,6880.0,2021-10-18
2021101804011379,SJCL,21,11,30,344.0,10320.0,2021-10-18
2021101804011378,UPCL,6,22,200,318.9,63780.0,2021-10-18
2021101803014466,JBBL,55,38,30,470.0,14100.0,2021-10-18
2021101804011377,RHPL,22,21,500,340.0,170000.0,2021-10-18
2021101804011376,CHL,57,34,100,433.0,43300.0,2021-10-18
2021101803014465,ALICL,34,10,10,1141.0,11410.0,2021-10-18
2021101803014464,CBBL,47,48,30,1696.0,50880.0,2021-10-18
2021101801012349,NBB,11,20,90,402.5,36225.0,2021-10-18
2021101801012348,GBIME,57,40,49,389.0,19061.0,2021-10-18
2021101804011375,BARUN,3,42,170,383.1,65127.0,2021-10-18
2021101805001706,JBLB,33,45,20,4400.0,88000.0,2021-10-18
2021101803014463,MFIL,14,42,100,1025.0,102500.0,2021-10-18
2021101804011374,BPCL,34,14,10,487.0,4870.0,2021-10-18
2021101803014462,GMFIL,34,3,87,460.0,40020.0,2021-10-18
2021101804011373,HPPL,45,17,270,400.0,108000.0,2021-10-18
2021101804011372,GHL,21,48,500,311.0,155500.0,2021-10-18
2021101803014461,LBBL,50,32,50,495.0,24750.0,2021-10-18
2021101804011371,BARUN,41,59,100,384.0,38400.0,2021-10-18
2021101803014460,LICN,25,3,10,1930.0,19300.0,2021-10-18
2021101803014459,LICN,25,3,10,1919.9,19199.0,2021-10-18
2021101803014458,LICN,25,20,300,1915.0,574500.0,2021-10-18
2021101803014457,LICN,25,29,50,1915.0,95750.0,2021-10-18
2021101803014456,LICN,25,49,100,1914.0,191400.0,2021-10-18
2021101803014455,LICN,25,29,30,1910.0,57300.0,2021-10-18
2021101803014454,LICN,25,20,350,1905.0,666750.0,2021-10-18
2021101803014453,LICN,25,20,150,1900.0,285000.0,2021-10-18
2021101804011370,NHPC,36,35,137,368.5,50484.5,2021-10-18
2021101804011369,NHPC,1,35,1000,368.7,368700.0,2021-10-18
2021101803014452,GRDBL,52,59,233,361.0,84113.0,2021-10-18
2021101804011368,NHPC,36,35,100,369.0,36900.0,2021-10-18
2021101804011367,NHPC,54,35,50,369.0,18450.0,2021-10-18
2021101804011366,NHPC,41,35,583,369.0,215127.0,2021-10-18
2021101804011365,NHPC,35,35,30,369.1,11073.0,2021-10-18
2021101804011364,NHPC,45,35,100,369.1,36910.0,2021-10-18
2021101803014451,ACLBSL,19,29,10,1440.0,14400.0,2021-10-18
2021101801012347,PCBL,42,42,755,465.0,351075.0,2021-10-18
2021101801012346,PCBL,45,42,100,465.1,46510.0,2021-10-18
2021101801012345,PCBL,25,42,20,465.2,9304.0,2021-10-18
2021101801012344,PCBL,22,42,60,465.2,27912.0,2021-10-18
2021101804011363,API,40,4,372,412.8,153561.6,2021-10-18
2021101804011362,API,40,42,50,412.0,20600.0,2021-10-18
2021101804011361,API,40,36,82,412.0,33784.0,2021-10-18
2021101801012343,CBL,13,17,35,238.0,8330.0,2021-10-18
2021101801012342,CBL,13,45,15,238.0,3570.0,2021-10-18
2021101801012341,GBIME,11,40,50,389.0,19450.0,2021-10-18
2021101803014450,PLI,14,8,10,587.1,5871.0,2021-10-18
2021101803014449,SLBBL,39,53,10,1520.0,15200.0,2021-10-18
2021101804011360,SPDL,49,14,125,388.0,48500.0,2021-10-18
2021101804011359,SPDL,58,14,25,388.0,9700.0,2021-10-18
2021101803014448,NFS,38,33,35,486.0,17010.0,2021-10-18
2021101803014447,NFS,3,33,15,486.0,7290.0,2021-10-18
2021101803014446,NFS,54,33,10,486.0,4860.0,2021-10-18
2021101803014445,NFS,21,33,32,488.0,15616.0,2021-10-18
2021101803014444,NFS,41,33,60,488.1,29286.0,2021-10-18
2021101801012340,NABIL,59,34,100,1465.0,146500.0,2021-10-18
2021101801012339,NABIL,49,34,50,1465.0,73250.0,2021-10-18
2021101801012338,NABIL,17,34,50,1465.0,73250.0,2021-10-18
2021101801012337,NABIL,47,34,27,1465.0,39555.0,2021-10-18
2021101803014443,NFS,3,58,90,490.0,44100.0,2021-10-18
2021101804011358,API,3,36,38,412.0,15656.0,2021-10-18
2021101803014442,ICFC,58,1,20,644.0,12880.0,2021-10-18
2021101803014441,ICFC,58,1,30,644.0,19320.0,2021-10-18
2021101803014440,ICFC,41,1,10,644.0,6440.0,2021-10-18
2021101803014439,ICFC,11,1,85,644.0,54740.0,2021-10-18
2021101804011357,RRHP,38,22,50,469.0,23450.0,2021-10-18
2021101804011356,PPCL,33,56,40,388.0,15520.0,2021-10-18
2021101804011355,PPCL,58,56,20,388.0,7760.0,2021-10-18
2021101803014438,FOWAD,4,36,10,2740.0,27400.0,2021-10-18
2021101803014437,MLBL,20,59,21,556.0,11676.0,2021-10-18
2021101801012336,KBL,41,58,105,282.0,29610.0,2021-10-18
2021101801012335,CZBIL,45,32,500,308.0,154000.0,2021-10-18
2021101804011354,NIL,25,4,50,1253.0,62650.0,2021-10-18
2021101801012334,MEGA,25,22,100,315.0,31500.0,2021-10-18
2021101803014436,RLFL,35,20,30,496.0,14880.0,2021-10-18
2021101803014435,SKBBL,10,28,10,1712.0,17120.0,2021-10-18
2021101803014434,NRIC,42,19,30,1261.5,37845.0,2021-10-18
2021101803014433,NRIC,1,19,20,1262.0,25240.0,2021-10-18
2021101804011353,HPPL,45,38,100,400.0,40000.0,2021-10-18
2021101801012333,NBL,45,45,50,470.0,23500.0,2021-10-18
2021101804011352,HPPL,45,50,3935,400.0,1574000.0,2021-10-18
2021101801012332,NBL,54,45,50,470.0,23500.0,2021-10-18
2021101803014432,RLFL,13,20,150,496.0,74400.0,2021-10-18
2021101801012331,KBL,44,58,200,282.0,56400.0,2021-10-18
2021101801012330,SHIVM,13,44,10,1272.0,12720.0,2021-10-18
2021101801012329,SHIVM,36,44,50,1272.0,63600.0,2021-10-18
2021101801012328,SHIVM,19,44,18,1272.0,22896.0,2021-10-18
2021101804011351,GLH,14,41,10,414.0,4140.0,2021-10-18
2021101801012327,NBL,21,17,265,471.9,125053.5,2021-10-18
2021101801012326,NBL,21,58,220,471.8,103796.0,2021-10-18
2021101801012325,NBL,21,58,15,470.1,7051.5,2021-10-18
2021101803014431,RMDC,1,36,150,1438.0,215700.0,2021-10-18
2021101803014430,RMDC,34,36,50,1438.0,71900.0,2021-10-18
2021101803014429,RMDC,48,36,500,1439.0,719500.0,2021-10-18
2021101801012324,SCB,28,42,10,530.0,5300.0,2021-10-18
2021101803014428,GFCL,17,34,10,636.0,6360.0,2021-10-18
2021101803014427,NRIC,1,57,100,1262.0,126200.0,2021-10-18
2021101803014426,NRIC,1,57,40,1262.0,50480.0,2021-10-18
2021101803014425,NRN,5,53,10,598.0,5980.0,2021-10-18
2021101803014424,FOWAD,43,36,150,2740.0,411000.0,2021-10-18
2021101803014423,MLBL,13,58,405,555.3,224896.5,2021-10-18
2021101803014422,MLBL,52,58,95,555.5,52772.5,2021-10-18
2021101804011350,SSHL,36,41,80,307.0,24560.0,2021-10-18
2021101803014421,GBBL,14,42,50,553.0,27650.0,2021-10-18
2021101803014420,GBBL,56,42,10,553.0,5530.0,2021-10-18
2021101803014419,GBBL,18,42,10,553.0,5530.0,2021-10-18
2021101803014418,GBBL,42,42,30,553.0,16590.0,2021-10-18
2021101804011349,BARUN,42,59,50,384.0,19200.0,2021-10-18
2021101803014417,GBBL,45,42,100,553.1,55310.0,2021-10-18
2021101803014416,KSBBL,40,37,10,663.0,6630.0,2021-10-18
2021101803014415,NIFRA,38,6,50,349.9,17495.0,2021-10-18
2021101804011348,SHPC,8,22,100,370.0,37000.0,2021-10-18
2021101804011347,AKPL,35,34,45,460.0,20700.0,2021-10-18
2021101804011346,AKPL,58,34,45,460.0,20700.0,2021-10-18
2021101804011345,HDHPC,34,41,100,289.9,28990.0,2021-10-18
2021101803014414,BFC,34,59,42,410.0,17220.0,2021-10-18
2021101803014413,BFC,34,57,20,410.0,8200.0,2021-10-18
2021101804011344,HPPL,49,36,20,396.0,7920.0,2021-10-18
2021101804011343,HPPL,47,36,100,396.0,39600.0,2021-10-18
2021101804011342,HPPL,35,36,180,396.0,71280.0,2021-10-18
2021101804011341,HPPL,11,36,100,396.5,39650.0,2021-10-18
2021101804011340,HPPL,28,36,100,396.6,39660.0,2021-10-18
2021101801012323,SANIMA,17,4,55,499.0,27445.0,2021-10-18
2021101801012322,SANIMA,13,4,50,499.0,24950.0,2021-10-18
2021101801012321,SANIMA,38,4,50,499.0,24950.0,2021-10-18
2021101801012320,SANIMA,57,4,20,499.0,9980.0,2021-10-18
2021101801012319,SANIMA,59,4,25,499.0,12475.0,2021-10-18
2021101801012318,SANIMA,53,4,100,499.0,49900.0,2021-10-18
2021101803014412,VLBS,1,16,10,1580.0,15800.0,2021-10-18
2021101804011339,OHL,51,48,10,485.0,4850.0,2021-10-18
2021101801012317,NCCB,48,48,331,295.0,97645.0,2021-10-18
2021101803014411,NLBBL,48,29,10,1358.0,13580.0,2021-10-18
2021101804011338,API,58,36,130,412.0,53560.0,2021-10-18
2021101804011337,API,58,38,80,411.9,32952.0,2021-10-18
2021101801012316,NBL,59,58,50,470.0,23500.0,2021-10-18
2021101804011336,API,58,42,60,411.0,24660.0,2021-10-18
2021101801012315,NBL,3,58,100,470.0,47000.0,2021-10-18
2021101804011335,API,58,6,30,411.0,12330.0,2021-10-18
2021101801012314,NBL,22,58,50,470.0,23500.0,2021-10-18
2021101801012313,NBL,38,58,20,470.0,9400.0,2021-10-18
2021101804011334,UMHL,6,57,374,392.0,146608.0,2021-10-18
2021101804011333,UMHL,21,57,25,392.0,9800.0,2021-10-18
2021101804011332,UMHL,36,57,30,392.9,11787.0,2021-10-18
2021101804011331,UMHL,21,57,35,392.9,13751.5,2021-10-18
2021101804011330,UMHL,4,57,100,393.0,39300.0,2021-10-18
2021101804011329,UMHL,41,57,30,393.0,11790.0,2021-10-18
2021101804011328,UMHL,59,57,50,393.0,19650.0,2021-10-18
2021101804011327,UMHL,51,57,30,393.0,11790.0,2021-10-18
2021101804011326,UMHL,35,57,326,393.0,128118.0,2021-10-18
2021101804011325,KPCL,19,17,20,498.0,9960.0,2021-10-18
2021101804011324,SICL,38,26,20,1689.0,33780.0,2021-10-18
2021101804011323,SICL,18,26,15,1689.0,25335.0,2021-10-18
2021101804011322,UPCL,6,45,200,318.9,63780.0,2021-10-18
2021101803014410,NLIC,49,21,200,1664.0,332800.0,2021-10-18
2021101804011321,RHPL,22,7,30,340.0,10200.0,2021-10-18
2021101801012312,CZBIL,45,14,300,308.0,92400.0,2021-10-18
2021101801012311,ADBL,6,54,700,495.0,346500.0,2021-10-18
2021101803014409,ALBSL,14,14,100,1644.0,164400.0,2021-10-18
2021101801012310,ADBL,41,54,100,495.1,49510.0,2021-10-18
2021101803014408,GFCL,42,21,100,635.6,63560.0,2021-10-18
2021101803014407,GFCL,38,21,100,635.8,63580.0,2021-10-18
2021101803014406,MLBL,28,59,300,556.0,166800.0,2021-10-18
2021101804011320,SHL,1,32,200,222.8,44560.0,2021-10-18
2021101803014405,CFCL,38,20,20,472.0,9440.0,2021-10-18
2021101801012309,CCBL,4,45,10,235.0,2350.0,2021-10-18
2021101804011319,AKPL,26,58,50,460.0,23000.0,2021-10-18
2021101804011318,LEC,26,58,60,320.9,19254.0,2021-10-18
2021101804011317,RHPL,22,44,70,340.0,23800.0,2021-10-18
2021101804011316,AHPC,34,38,100,388.0,38800.0,2021-10-18
2021101804011315,NHDL,34,22,50,430.0,21500.0,2021-10-18
2021101803014404,JBBL,3,38,10,470.0,4700.0,2021-10-18
2021101803014403,PROFL,48,8,20,378.0,7560.0,2021-10-18
2021101804011314,HDHPC,20,41,10,289.9,2899.0,2021-10-18
2021101803014402,GBBL,45,29,70,553.1,38717.0,2021-10-18
2021101804011313,HDHPC,59,41,30,289.9,8697.0,2021-10-18
2021101804011312,SICL,18,57,15,1689.0,25335.0,2021-10-18
2021101804011311,SICL,7,57,10,1689.0,16890.0,2021-10-18
2021101804011310,UPPER,50,45,50,582.0,29100.0,2021-10-18
2021101803014401,NIFRA,38,8,50,349.9,17495.0,2021-10-18
2021101804011309,CGH,21,52,10,1300.0,13000.0,2021-10-18
2021101804011308,STC,17,58,10,7890.0,78900.0,2021-10-18
2021101801012308,NCCB,48,54,169,295.0,49855.0,2021-10-18
2021101804011307,SSHL,50,41,985,305.9,301311.5,2021-10-18
2021101804011306,SSHL,48,41,15,306.0,4590.0,2021-10-18
2021101804011305,AHPC,57,38,11,388.0,4268.0,2021-10-18
2021101801012307,PRVU,19,20,10,388.0,3880.0,2021-10-18
2021101804011304,UPCL,19,13,22,319.0,7018.0,2021-10-18
2021101804011303,PRIN,45,45,711,747.0,531117.0,2021-10-18
2021101803014400,RLI,50,35,10,494.0,4940.0,2021-10-18
2021101803014399,RLI,50,42,30,494.0,14820.0,2021-10-18
2021101804011302,AKPL,50,40,10,464.0,4640.0,2021-10-18
2021101803014398,PFL,55,50,50,565.0,28250.0,2021-10-18
2021101804011301,EIC,45,37,69,624.0,43056.0,2021-10-18
2021101801012306,MKJC,42,38,10,417.4,4174.0,2021-10-18
2021101801012305,SBL,53,38,10,444.5,4445.0,2021-10-18
2021101803014397,MNBBL,28,50,70,670.0,46900.0,2021-10-18
2021101803014396,SIFC,13,57,20,446.0,8920.0,2021-10-18
2021101805001705,JBLB,51,41,60,4390.0,263400.0,2021-10-18
2021101805001704,JBLB,42,41,50,4390.0,219500.0,2021-10-18
2021101805001703,JBLB,4,41,10,4391.0,43910.0,2021-10-18
2021101805001702,JBLB,45,41,30,4400.0,132000.0,2021-10-18
2021101804011300,UPCL,6,41,100,318.9,31890.0,2021-10-18
2021101803014395,ALBSL,57,14,10,1644.0,16440.0,2021-10-18
2021101801012304,GBIME,52,40,50,389.0,19450.0,2021-10-18
2021101804011299,PIC,54,42,65,983.3,63914.5,2021-10-18
2021101804011298,PIC,37,42,35,984.0,34440.0,2021-10-18
2021101801012303,KBL,49,58,20,282.0,5640.0,2021-10-18
2021101801012302,KBL,49,38,80,282.0,22560.0,2021-10-18
2021101804011297,EIC,45,49,40,624.0,24960.0,2021-10-18
2021101801012301,NMB,6,6,100,401.1,40110.0,2021-10-18
2021101803014394,PROFL,21,8,30,378.0,11340.0,2021-10-18
2021101803014393,KSBBL,45,34,320,660.0,211200.0,2021-10-18
2021101805001701,MKLB,34,17,10,1789.0,17890.0,2021-10-18
2021101805001700,MKLB,34,49,10,1788.0,17880.0,2021-10-18
2021101803014392,KSBBL,38,34,300,660.2,198060.0,2021-10-18
2021101803014391,KSBBL,45,34,100,661.1,66110.0,2021-10-18
2021101801012300,SHIVM,19,38,20,1272.0,25440.0,2021-10-18
2021101803014390,GFCL,17,34,10,636.0,6360.0,2021-10-18
2021101803014389,MNBBL,48,7,30,671.0,20130.0,2021-10-18
2021101803014388,NTC,1,53,50,1000.0,50000.0,2021-10-18
2021101801012299,ADBL,53,41,40,496.0,19840.0,2021-10-18
2021101801012298,GBIME,58,40,270,389.0,105030.0,2021-10-18
2021101804011296,SICL,58,26,30,1690.0,50700.0,2021-10-18
2021101801012297,GBIME,58,42,30,389.0,11670.0,2021-10-18
2021101804011295,STC,58,6,10,7878.0,78780.0,2021-10-18
2021101803014387,DDBL,42,37,43,1251.0,53793.0,2021-10-18
2021101803014386,SMATA,43,39,100,1450.0,145000.0,2021-10-18
2021101804011294,API,53,34,100,410.0,41000.0,2021-10-18
2021101804011293,RRHP,17,22,10,469.0,4690.0,2021-10-18
2021101804011292,RHPC,4,56,264,616.6,162782.4,2021-10-18
2021101803014385,RLFL,13,58,150,495.0,74250.0,2021-10-18
2021101801012296,MBL,22,35,84,372.0,31248.0,2021-10-18
2021101803014384,HIDCL,57,32,50,301.0,15050.0,2021-10-18
2021101804011291,MEN,40,52,10,1051.0,10510.0,2021-10-18
2021101801012295,GBIME,19,42,20,389.0,7780.0,2021-10-18
2021101801012294,NCCB,45,54,71,295.0,20945.0,2021-10-18
2021101801012293,NCCB,45,34,129,295.0,38055.0,2021-10-18
2021101803014383,NUBL,45,11,28,1453.0,40684.0,2021-10-18
2021101803014382,CBBL,D01,49,50,1695.0,84750.0,2021-10-18
2021101801012292,SBL,44,33,20,445.0,8900.0,2021-10-18
2021101801012291,NBL,21,58,10,470.1,4701.0,2021-10-18
2021101801012290,KBL,34,38,70,282.0,19740.0,2021-10-18
2021101804011290,RRHP,4,22,195,469.0,91455.0,2021-10-18
2021101804011289,STC,58,6,10,7878.0,78780.0,2021-10-18
2021101804011288,NLG,56,26,50,858.2,42910.0,2021-10-18
2021101804011287,NLG,44,26,200,858.3,171660.0,2021-10-18
2021101804011286,NLG,48,26,50,858.6,42930.0,2021-10-18
2021101804011285,NLG,42,26,100,862.1,86210.0,2021-10-18
2021101803014381,SLICL,45,49,420,773.0,324660.0,2021-10-18
2021101804011284,STC,49,6,10,7878.0,78780.0,2021-10-18
2021101803014380,SLICL,54,49,25,773.1,19327.5,2021-10-18
2021101803014379,MFIL,58,14,25,1020.0,25500.0,2021-10-18
2021101803014378,MFIL,38,14,75,1024.0,76800.0,2021-10-18
2021101801012289,MKJC,42,21,10,417.4,4174.0,2021-10-18
2021101801012288,MEGA,38,22,75,315.0,23625.0,2021-10-18
2021101801012287,MEGA,38,45,25,315.0,7875.0,2021-10-18
2021101804011283,UMHL,35,56,174,393.0,68382.0,2021-10-18
2021101804011282,UMHL,21,56,276,393.0,108468.0,2021-10-18
2021101804011281,UMHL,34,56,50,393.5,19675.0,2021-10-18
2021101803014377,ALBSL,42,14,100,1644.0,164400.0,2021-10-18
2021101803014376,MNBBL,28,6,80,670.0,53600.0,2021-10-18
2021101804011280,PMHPL,48,13,10,287.6,2876.0,2021-10-18
2021101803014375,SWBBL,11,28,60,1588.0,95280.0,2021-10-18
2021101803014374,SWBBL,11,49,40,1588.0,63520.0,2021-10-18
2021101803014373,MLBL,42,59,79,558.0,44082.0,2021-10-18
2021101801012286,NICA,21,11,50,822.0,41100.0,2021-10-18
2021101803014372,NLICL,14,38,50,932.0,46600.0,2021-10-18
2021101803014371,JBBL,4,1,10,469.8,4698.0,2021-10-18
2021101801012285,BOKL,4,43,420,330.0,138600.0,2021-10-18
2021101801012284,BOKL,47,43,60,330.0,19800.0,2021-10-18
2021101801012283,BOKL,45,43,20,330.0,6600.0,2021-10-18
2021101801012282,BOKL,58,43,50,330.0,16500.0,2021-10-18
2021101801012281,BOKL,47,43,200,330.0,66000.0,2021-10-18
2021101801012280,BOKL,32,43,25,330.0,8250.0,2021-10-18
2021101804011279,AKPL,50,29,100,462.0,46200.0,2021-10-18
2021101803014370,NICLBSL,5,8,10,1094.0,10940.0,2021-10-18
2021101804011278,RRHP,4,22,65,470.0,30550.0,2021-10-18
2021101801012279,HDL,34,59,20,6680.0,133600.0,2021-10-18
2021101801012278,HDL,20,59,10,6680.0,66800.0,2021-10-18
2021101801012277,HDL,49,59,10,6680.0,66800.0,2021-10-18
2021101801012276,HDL,48,59,40,6680.0,267200.0,2021-10-18
2021101801012275,HDL,26,59,10,6685.0,66850.0,2021-10-18
2021101801012274,SCB,58,42,50,530.0,26500.0,2021-10-18
2021101804011277,STC,45,47,20,7878.0,157560.0,2021-10-18
2021101803014369,RSDC,34,16,10,827.0,8270.0,2021-10-18
2021101803014368,RSDC,34,6,10,825.0,8250.0,2021-10-18
2021101804011276,HURJA,3,39,440,404.0,177760.0,2021-10-18
2021101803014367,JBBL,22,38,200,470.0,94000.0,2021-10-18
2021101803014366,GFCL,58,34,50,636.0,31800.0,2021-10-18
2021101803014365,SFCL,58,41,10,430.0,4300.0,2021-10-18
2021101803014364,PFL,42,50,10,565.0,5650.0,2021-10-18
2021101804011275,CHCL,36,7,15,597.0,8955.0,2021-10-18
2021101801012273,MEGA,6,45,20,315.0,6300.0,2021-10-18
2021101803014363,SHINE,13,16,589,447.0,263283.0,2021-10-18
2021101803014362,SHINE,13,34,11,447.0,4917.0,2021-10-18
2021101803014361,SHINE,13,16,400,446.0,178400.0,2021-10-18
2021101803014360,LBBL,54,32,100,495.0,49500.0,2021-10-18
2021101804011274,RHPC,4,33,800,616.6,493280.0,2021-10-18
2021101801012272,LBL,39,48,39,318.0,12402.0,2021-10-18
2021101801012271,LBL,54,48,20,318.0,6360.0,2021-10-18
2021101801012270,LBL,41,48,100,318.0,31800.0,2021-10-18
2021101804011273,TRH,4,48,50,355.1,17755.0,2021-10-18
2021101801012269,LBL,26,48,100,318.1,31810.0,2021-10-18
2021101804011272,NIL,57,4,100,1253.0,125300.0,2021-10-18
2021101804011271,NIL,3,4,200,1253.0,250600.0,2021-10-18
2021101803014359,HIDCL,20,57,365,300.0,109500.0,2021-10-18
2021101804011270,SIL,41,22,24,826.0,19824.0,2021-10-18
2021101801012268,NBL,59,58,510,470.0,239700.0,2021-10-18
2021101805001699,JBLB,45,57,10,4400.0,44000.0,2021-10-18
2021101805001698,JBLB,4,40,10,4391.0,43910.0,2021-10-18
2021101803014358,HIDCL,7,57,100,300.0,30000.0,2021-10-18
2021101803014357,ALBSL,47,14,40,1644.0,65760.0,2021-10-18
2021101803014356,NUBL,44,11,10,1453.0,14530.0,2021-10-18
2021101804011269,GLH,52,14,10,397.8,3978.0,2021-10-18
2021101804011268,NIBSF1,29,8,5000,11.51,57550.0,2021-10-18
2021101804011267,SHEL,22,21,10,398.0,3980.0,2021-10-18
2021101803014355,RMDC,7,17,35,1440.0,50400.0,2021-10-18
2021101803014354,RMDC,10,17,18,1440.0,25920.0,2021-10-18
2021101801012267,NABIL,10,1,50,1468.0,73400.0,2021-10-18
2021101803014353,ACLBSL,22,29,40,1440.0,57600.0,2021-10-18
2021101803014352,RLFL,13,58,500,493.0,246500.0,2021-10-18
2021101804011266,CHL,58,38,10,439.0,4390.0,2021-10-18
2021101803014351,NABBC,51,18,200,710.6,142120.0,2021-10-18
2021101803014350,KSBBL,45,21,86,660.0,56760.0,2021-10-18
2021101803014349,KSBBL,52,21,10,660.0,6600.0,2021-10-18
2021101803014348,KSBBL,49,21,50,660.0,33000.0,2021-10-18
2021101803014347,KSBBL,25,21,300,660.0,198000.0,2021-10-18
2021101803014346,KSBBL,57,21,500,660.0,330000.0,2021-10-18
2021101803014345,KSBBL,57,21,114,660.0,75240.0,2021-10-18
2021101803014344,KSBBL,21,21,10,661.0,6610.0,2021-10-18
2021101805001697,JBLB,4,38,10,4391.0,43910.0,2021-10-18
2021101804011265,RRHP,4,7,500,470.0,235000.0,2021-10-18
2021101804011264,RRHP,4,21,500,470.0,235000.0,2021-10-18
2021101804011263,RRHP,4,48,163,470.0,76610.0,2021-10-18
2021101804011262,RRHP,4,33,130,469.0,60970.0,2021-10-18
2021101801012266,BOKL,48,21,50,332.0,16600.0,2021-10-18
2021101804011261,NMBHF1,38,41,2000,10.85,21700.0,2021-10-18
2021101804011260,NHDL,42,22,114,430.0,49020.0,2021-10-18
2021101804011259,RADHI,7,32,20,544.0,10880.0,2021-10-18
2021101804011258,GHL,21,50,256,311.0,79616.0,2021-10-18
2021101804011257,GHL,41,50,30,312.0,9360.0,2021-10-18
2021101804011256,GHL,48,50,20,313.0,6260.0,2021-10-18
2021101804011255,GHL,21,50,50,313.0,15650.0,2021-10-18
2021101804011254,GHL,49,50,30,313.0,9390.0,2021-10-18
2021101804011253,GHL,59,50,150,314.0,47100.0,2021-10-18
2021101804011252,GHL,42,50,100,314.0,31400.0,2021-10-18
2021101804011251,GHL,19,50,50,314.0,15700.0,2021-10-18
2021101804011250,GHL,48,50,200,314.0,62800.0,2021-10-18
2021101804011249,GHL,35,50,30,314.1,9423.0,2021-10-18
2021101804011248,GHL,56,50,100,315.0,31500.0,2021-10-18
2021101804011247,GHL,59,50,30,315.0,9450.0,2021-10-18
2021101804011246,GHL,4,50,20,315.0,6300.0,2021-10-18
2021101804011245,GHL,34,50,100,315.0,31500.0,2021-10-18
2021101804011244,GHL,47,50,14,315.0,4410.0,2021-10-18
2021101804011243,GHL,56,50,200,316.0,63200.0,2021-10-18
2021101804011242,GHL,49,50,10,316.0,3160.0,2021-10-18
2021101804011241,GHL,42,50,300,316.0,94800.0,2021-10-18
2021101804011240,GHL,16,50,80,316.0,25280.0,2021-10-18
2021101804011239,GHL,4,50,50,317.0,15850.0,2021-10-18
2021101804011238,GHL,5,50,50,317.5,15875.0,2021-10-18
2021101804011237,GHL,1,50,100,319.0,31900.0,2021-10-18
2021101804011236,GHL,52,50,30,320.0,9600.0,2021-10-18
2021101803014343,KSBBL,57,47,386,660.0,254760.0,2021-10-18
2021101803014342,KSBBL,51,47,100,660.0,66000.0,2021-10-18
2021101803014341,KSBBL,13,47,10,660.0,6600.0,2021-10-18
2021101803014340,KSBBL,36,47,100,660.0,66000.0,2021-10-18
2021101803014339,KSBBL,58,47,20,660.0,13200.0,2021-10-18
2021101803014338,KSBBL,56,47,14,660.0,9240.0,2021-10-18
2021101803014337,KSBBL,20,47,120,661.1,79332.0,2021-10-18
2021101804011235,GIMES1,32,49,5000,20.49,102450.0,2021-10-18
2021101801012265,KBL,7,21,952,281.9,268368.8,2021-10-18
2021101801012264,KBL,13,21,48,281.9,13531.2,2021-10-18
2021101803014336,SAPDBL,7,3,73,345.0,25185.0,2021-10-18
2021101803014335,GBBL,45,38,100,553.2,55320.0,2021-10-18
2021101803014334,SADBL,38,37,10,380.0,3800.0,2021-10-18
2021101801012263,KBL,48,38,200,282.0,56400.0,2021-10-18
2021101803014333,MLBL,42,32,100,558.0,55800.0,2021-10-18
2021101803014332,SADBL,16,37,76,380.0,28880.0,2021-10-18
2021101803014331,SADBL,16,47,24,380.0,9120.0,2021-10-18
2021101803014330,JLI,14,39,50,555.5,27775.0,2021-10-18
2021101804011234,CHL,50,34,78,432.3,33719.4,2021-10-18
2021101804011233,RRHP,34,33,470,469.0,220430.0,2021-10-18
2021101801012262,NBB,45,38,20,403.0,8060.0,2021-10-18
2021101801012261,NBB,58,38,20,403.0,8060.0,2021-10-18
2021101801012260,NBB,58,38,20,403.0,8060.0,2021-10-18
2021101801012259,NBB,16,38,250,403.0,100750.0,2021-10-18
2021101803014329,SWBBL,44,37,462,1585.0,732270.0,2021-10-18
2021101801012258,NBB,8,38,50,403.1,20155.0,2021-10-18
2021101803014328,NTC,1,38,50,1000.0,50000.0,2021-10-18
2021101801012257,NBB,45,38,50,403.8,20190.0,2021-10-18
2021101803014327,PLI,17,16,10,592.0,5920.0,2021-10-18
2021101804011232,TRH,4,57,150,355.1,53265.0,2021-10-18
2021101803014326,MNBBL,41,19,90,668.0,60120.0,2021-10-18
2021101803014325,MNBBL,50,19,10,670.0,6700.0,2021-10-18
2021101801012256,NBL,35,58,50,470.1,23505.0,2021-10-18
2021101804011231,AHPC,55,45,168,385.0,64680.0,2021-10-18
2021101804011230,AHPC,41,45,100,385.0,38500.0,2021-10-18
2021101804011229,AHPC,17,45,65,385.0,25025.0,2021-10-18
2021101804011228,AHPC,45,45,1000,385.0,385000.0,2021-10-18
2021101804011227,AHPC,29,45,100,385.0,38500.0,2021-10-18
2021101804011226,AHPC,39,45,84,385.0,32340.0,2021-10-18
2021101804011225,AHPC,45,45,20,385.2,7704.0,2021-10-18
2021101804011224,AHPC,45,45,1000,385.2,385200.0,2021-10-18
2021101804011223,AHPC,49,45,413,385.6,159252.8,2021-10-18
2021101803014324,SMFDB,45,18,20,1379.9,27598.0,2021-10-18
2021101804011222,AHPC,45,45,50,386.0,19300.0,2021-10-18
2021101803014323,NLICL,49,1,50,937.0,46850.0,2021-10-18
2021101804011221,HPPL,14,33,85,398.0,33830.0,2021-10-18
2021101801012255,GBIME,59,38,50,389.0,19450.0,2021-10-18
2021101801012254,GBIME,59,14,41,389.0,15949.0,2021-10-18
2021101801012253,MBL,36,35,96,372.0,35712.0,2021-10-18
2021101801012252,NABIL,20,1,100,1468.0,146800.0,2021-10-18
2021101804011220,KPCL,8,58,300,497.0,149100.0,2021-10-18
2021101803014322,CHDC,58,14,10,779.0,7790.0,2021-10-18
2021101804011219,AKJCL,34,45,200,290.0,58000.0,2021-10-18
2021101801012251,NCCB,6,34,300,295.0,88500.0,2021-10-18
2021101803014321,SMATA,59,39,75,1452.1,108907.5,2021-10-18
2021101805001696,SLI,57,34,10,536.9,5369.0,2021-10-18
2021101803014320,MFIL,38,1,45,1024.0,46080.0,2021-10-18
2021101803014319,MFIL,38,18,140,1024.0,143360.0,2021-10-18
2021101803014318,MFIL,38,6,40,1023.0,40920.0,2021-10-18
2021101804011218,CHCL,1,52,15,597.0,8955.0,2021-10-18
2021101803014317,SMFBS,52,51,14,2615.0,36610.0,2021-10-18
2021101803014316,MNBBL,50,25,80,670.0,53600.0,2021-10-18
2021101803014315,MNBBL,50,14,80,670.0,53600.0,2021-10-18
2021101803014314,SINDU,45,22,1000,413.0,413000.0,2021-10-18
2021101803014313,SINDU,35,22,500,413.0,206500.0,2021-10-18
2021101803014312,SINDU,47,22,200,413.0,82600.0,2021-10-18
2021101803014311,SINDU,40,22,100,413.0,41300.0,2021-10-18
2021101801012250,CBL,19,52,92,237.0,21804.0,2021-10-18
2021101801012249,CBL,13,52,369,237.0,87453.0,2021-10-18
2021101804011217,NHPC,41,19,417,369.0,153873.0,2021-10-18
2021101804011216,NHPC,58,19,14,369.0,5166.0,2021-10-18
2021101804011215,NHPC,52,19,69,369.0,25461.0,2021-10-18
2021101804011214,NHPC,59,19,100,369.1,36910.0,2021-10-18
2021101803014310,SFCL,47,38,100,429.0,42900.0,2021-10-18
2021101803014309,CFCL,58,32,60,471.2,28272.0,2021-10-18
2021101803014308,CFCL,13,32,40,472.0,18880.0,2021-10-18
2021101803014307,KSBBL,20,16,500,661.1,330550.0,2021-10-18
2021101801012248,MEGA,10,45,50,315.0,15750.0,2021-10-18
2021101804011213,UNHPL,45,13,100,303.0,30300.0,2021-10-18
2021101804011212,UNHPL,17,13,60,303.5,18210.0,2021-10-18
2021101803014306,ICFC,58,36,10,645.0,6450.0,2021-10-18
2021101805001695,JBLB,42,44,10,4400.0,44000.0,2021-10-18
2021101805001694,JBLB,42,19,160,4400.0,704000.0,2021-10-18
2021101805001693,JBLB,42,54,15,4395.0,65925.0,2021-10-18
2021101805001692,JBLB,42,55,50,4390.0,219500.0,2021-10-18
2021101803014305,JBBL,4,21,10,469.8,4698.0,2021-10-18
2021101804011211,AHPC,5,38,10,388.0,3880.0,2021-10-18
2021101804011210,UNHPL,17,45,100,303.5,30350.0,2021-10-18
2021101804011209,RHPC,45,56,150,617.0,92550.0,2021-10-18
2021101804011208,RHPC,17,56,10,617.0,6170.0,2021-10-18
2021101804011207,RHPC,58,56,100,617.0,61700.0,2021-10-18
2021101804011206,RHPC,4,56,223,617.1,137613.3,2021-10-18
2021101804011205,SSHL,49,41,30,306.0,9180.0,2021-10-18
2021101804011204,SSHL,13,41,50,306.0,15300.0,2021-10-18
2021101804011203,SSHL,8,41,10,306.0,3060.0,2021-10-18
2021101804011202,SSHL,57,41,200,306.0,61200.0,2021-10-18
2021101804011201,SSHL,47,41,100,306.0,30600.0,2021-10-18
2021101804011200,SSHL,57,41,100,306.0,30600.0,2021-10-18
2021101803014304,SIFC,13,57,24,446.0,10704.0,2021-10-18
2021101803014303,SIFC,13,57,50,448.0,22400.0,2021-10-18
2021101805001691,MKLB,14,52,50,1781.1,89055.0,2021-10-18
2021101805001690,MKLB,34,52,10,1782.0,17820.0,2021-10-18
2021101805001689,MKLB,16,52,10,1782.0,17820.0,2021-10-18
2021101804011199,AIL,42,42,10,690.0,6900.0,2021-10-18
2021101801012247,PRVU,42,20,18,388.0,6984.0,2021-10-18
2021101801012246,CZBIL,45,38,10,309.0,3090.0,2021-10-18
2021101803014302,SIFC,13,14,150,448.0,67200.0,2021-10-18
2021101803014301,NLIC,32,21,50,1664.0,83200.0,2021-10-18
2021101801012245,NBL,21,58,200,470.1,94020.0,2021-10-18
2021101804011198,AHPC,53,38,50,388.0,19400.0,2021-10-18
2021101801012244,BOKL,32,50,175,330.0,57750.0,2021-10-18
2021101801012243,BOKL,11,50,100,330.0,33000.0,2021-10-18
2021101801012242,BOKL,8,50,1669,330.0,550770.0,2021-10-18
2021101801012241,BOKL,6,50,2000,330.1,660200.0,2021-10-18
2021101801012240,BOKL,58,50,30,331.0,9930.0,2021-10-18
2021101801012239,BOKL,6,50,50,331.0,16550.0,2021-10-18
2021101803014300,KSBBL,20,42,110,661.0,72710.0,2021-10-18
2021101801012238,BOKL,41,50,100,331.0,33100.0,2021-10-18
2021101801012237,BOKL,16,50,2826,331.0,935406.0,2021-10-18
2021101801012236,NBL,59,58,15,471.0,7065.0,2021-10-18
2021101801012235,NBL,34,58,10,471.0,4710.0,2021-10-18
2021101801012234,MEGA,13,28,500,316.0,158000.0,2021-10-18
2021101804011197,NHPC,59,35,500,369.1,184550.0,2021-10-18
2021101801012233,MBL,35,35,250,372.0,93000.0,2021-10-18
2021101803014299,ALBSL,42,14,100,1644.0,164400.0,2021-10-18
2021101803014298,JBBL,49,38,200,470.0,94000.0,2021-10-18
2021101801012232,GBIME,49,14,50,389.0,19450.0,2021-10-18
2021101801012231,SANIMA,28,32,10,499.8,4998.0,2021-10-18
2021101803014297,KSBBL,10,42,90,661.0,59490.0,2021-10-18
2021101803014296,KSBBL,10,57,110,661.0,72710.0,2021-10-18
2021101804011196,BARUN,58,59,80,384.0,30720.0,2021-10-18
2021101804011195,UMHL,57,6,50,394.0,19700.0,2021-10-18
2021101803014295,GMFIL,34,49,10,461.0,4610.0,2021-10-18
2021101804011194,RHPC,4,38,200,617.1,123420.0,2021-10-18
2021101803014294,CIT,38,38,10,3300.0,33000.0,2021-10-18
2021101803014293,MPFL,28,28,10,440.0,4400.0,2021-10-18
2021101801012230,CCBL,4,45,20,235.0,4700.0,2021-10-18
2021101804011193,API,49,36,50,412.0,20600.0,2021-10-18
2021101804011192,TRH,40,48,30,357.6,10728.0,2021-10-18
2021101803014292,MNBBL,19,14,10,670.0,6700.0,2021-10-18
2021101801012229,HDL,48,45,10,6680.0,66800.0,2021-10-18
2021101801012228,HDL,41,45,40,6685.0,267400.0,2021-10-18
2021101803014291,NLIC,7,21,41,1664.0,68224.0,2021-10-18
2021101803014290,HIDCL,39,57,35,300.0,10500.0,2021-10-18
2021101803014289,HIDCL,39,33,165,300.0,49500.0,2021-10-18
2021101803014288,CIT,41,38,50,3300.0,165000.0,2021-10-18
2021101803014287,CIT,22,38,30,3302.0,99060.0,2021-10-18
2021101801012227,NBL,40,1,150,469.8,70470.0,2021-10-18
2021101801012226,NBL,13,1,50,470.0,23500.0,2021-10-18
2021101801012225,NBL,43,1,100,470.0,47000.0,2021-10-18
2021101801012224,NBL,38,1,200,470.0,94000.0,2021-10-18
2021101801012223,SANIMA,48,32,100,499.8,49980.0,2021-10-18
2021101804011191,PICL,20,50,10,644.4,6444.0,2021-10-18
2021101804011190,API,50,6,556,413.0,229628.0,2021-10-18
2021101804011189,API,50,57,200,412.9,82580.0,2021-10-18
2021101804011188,API,50,52,11,412.9,4541.9,2021-10-18
2021101804011187,API,50,22,60,412.9,24774.0,2021-10-18
2021101804011186,API,50,48,173,412.0,71276.0,2021-10-18
2021101801012222,NBL,38,13,100,470.0,47000.0,2021-10-18
2021101804011185,NICL,13,54,10,784.7,7847.0,2021-10-18
2021101803014286,SWBBL,44,28,38,1585.0,60230.0,2021-10-18
2021101803014285,SWBBL,55,28,10,1585.0,15850.0,2021-10-18
2021101803014284,SWBBL,49,28,50,1585.0,79250.0,2021-10-18
2021101803014283,SWBBL,22,28,20,1588.0,31760.0,2021-10-18
2021101801012221,MEGA,35,58,500,317.0,158500.0,2021-10-18
2021101804011184,RHPC,4,36,187,617.1,115397.7,2021-10-18
2021101803014282,MPFL,13,28,200,440.0,88000.0,2021-10-18
2021101801012220,CBL,22,45,20,238.0,4760.0,2021-10-18
2021101801012219,SANIMA,40,21,175,498.0,87150.0,2021-10-18
2021101801012218,SANIMA,5,21,75,498.1,37357.5,2021-10-18
2021101801012217,SANIMA,6,21,50,499.0,24950.0,2021-10-18
2021101803014281,JBBL,34,38,100,470.0,47000.0,2021-10-18
2021101803014280,KRBL,38,57,592,414.0,245088.0,2021-10-18
2021101803014279,KRBL,38,16,180,412.0,74160.0,2021-10-18
2021101803014278,KRBL,38,48,28,411.9,11533.2,2021-10-18
2021101803014277,NRIC,56,57,10,1262.0,12620.0,2021-10-18
2021101804011183,CGH,10,52,10,1300.0,13000.0,2021-10-18
2021101803014276,SIFC,13,20,419,446.0,186874.0,2021-10-18
2021101804011182,UPCL,54,13,35,318.0,11130.0,2021-10-18
2021101804011181,UPCL,14,13,500,318.0,159000.0,2021-10-18
2021101804011180,UPCL,40,13,230,318.0,73140.0,2021-10-18
2021101804011179,UPCL,58,13,15,318.0,4770.0,2021-10-18
2021101804011178,UPCL,57,13,20,318.1,6362.0,2021-10-18
2021101804011177,UPCL,51,13,200,318.1,63620.0,2021-10-18
2021101803014275,MERO,58,33,48,1343.0,64464.0,2021-10-18
2021101804011176,UMHL,58,6,10,394.0,3940.0,2021-10-18
2021101803014274,JLI,19,52,100,555.2,55520.0,2021-10-18
2021101803014273,JLI,47,52,40,555.2,22208.0,2021-10-18
2021101803014272,NTC,1,35,10,1000.0,10000.0,2021-10-18
2021101801012216,MEGA,13,19,400,316.0,126400.0,2021-10-18
2021101801012215,MEGA,13,47,100,316.0,31600.0,2021-10-18
2021101801012214,MEGA,13,17,500,315.0,157500.0,2021-10-18
2021101801012213,CZBIL,17,38,665,309.0,205485.0,2021-10-18
2021101801012212,MEGA,33,28,700,314.2,219940.0,2021-10-18
2021101803014271,MNBBL,45,29,100,669.1,66910.0,2021-10-18
2021101803014270,MLBL,57,48,100,558.0,55800.0,2021-10-18
2021101801012211,NICA,55,11,20,822.0,16440.0,2021-10-18
2021101804011175,NLG,33,50,50,863.0,43150.0,2021-10-18
2021101804011174,EIC,32,37,50,630.0,31500.0,2021-10-18
2021101803014269,ALICL,56,56,249,1130.1,281394.9,2021-10-18
2021101803014268,ALICL,1,56,500,1132.0,566000.0,2021-10-18
2021101803014267,ALICL,49,56,300,1132.0,339600.0,2021-10-18
2021101803014266,ALICL,44,56,100,1133.0,113300.0,2021-10-18
2021101803014265,ALICL,44,56,214,1133.0,242462.0,2021-10-18
2021101804011173,API,33,58,93,411.0,38223.0,2021-10-18
2021101805001688,SLI,50,58,10,536.0,5360.0,2021-10-18
2021101804011172,API,21,58,10,411.1,4111.0,2021-10-18
2021101803014264,GUFL,45,57,60,830.0,49800.0,2021-10-18
2021101801012210,ADBL,35,41,20,496.0,9920.0,2021-10-18
2021101803014263,JSLBB,6,39,11,3280.0,36080.0,2021-10-18
2021101801012209,PRVU,22,20,100,388.0,38800.0,2021-10-18
2021101801012208,GBIME,54,14,20,389.0,7780.0,2021-10-18
2021101804011171,API,34,48,100,412.0,41200.0,2021-10-18
2021101803014262,ALBSL,54,14,20,1644.0,32880.0,2021-10-18
2021101804011170,SICL,54,58,50,1689.5,84475.0,2021-10-18
2021101804011169,KKHC,1,52,11,305.0,3355.0,2021-10-18
2021101804011168,KKHC,45,52,100,305.0,30500.0,2021-10-18
2021101804011167,KKHC,4,52,50,305.0,15250.0,2021-10-18
2021101804011166,KKHC,26,52,49,305.1,14949.9,2021-10-18
2021101803014261,SAPDBL,7,26,100,345.0,34500.0,2021-10-18
2021101803014260,SABSL,22,40,12,1991.0,23892.0,2021-10-18
2021101804011165,API,45,48,10,412.0,4120.0,2021-10-18
2021101804011164,BPCL,4,42,98,485.1,47539.8,2021-10-18
2021101804011163,BPCL,52,42,80,485.1,38808.0,2021-10-18
2021101805001687,JBLB,59,49,10,4390.0,43900.0,2021-10-18
2021101804011162,BPCL,34,42,100,485.2,48520.0,2021-10-18
2021101804011161,BPCL,58,42,12,485.3,5823.6,2021-10-18
2021101804011160,BPCL,42,42,10,487.0,4870.0,2021-10-18
2021101804011159,UMHL,37,6,50,394.0,19700.0,2021-10-18
2021101804011158,UMHL,21,6,70,394.0,27580.0,2021-10-18
2021101803014259,PROFL,55,8,100,378.0,37800.0,2021-10-18
2021101803014258,MFIL,16,51,350,1013.1,354585.0,2021-10-18
2021101803014257,MFIL,55,51,20,1014.0,20280.0,2021-10-18
2021101803014256,MFIL,20,51,90,1018.0,91620.0,2021-10-18
2021101803014255,MFIL,42,51,20,1018.0,20360.0,2021-10-18
2021101803014254,MFIL,19,51,20,1020.0,20400.0,2021-10-18
2021101804011157,PIC,37,58,65,984.0,63960.0,2021-10-18
2021101804011156,PIC,58,58,10,984.0,9840.0,2021-10-18
2021101804011155,PIC,33,58,100,984.0,98400.0,2021-10-18
2021101803014253,HIDCL,20,57,10,299.0,2990.0,2021-10-18
2021101803014252,KSBBL,34,57,150,661.0,99150.0,2021-10-18
2021101803014251,KSBBL,21,57,80,661.0,52880.0,2021-10-18
2021101803014250,KSBBL,58,57,60,661.0,39660.0,2021-10-18
2021101803014249,NLIC,57,21,20,1664.0,33280.0,2021-10-18
2021101804011154,CGH,28,52,50,1300.0,65000.0,2021-10-18
2021101801012207,CBL,13,49,131,237.0,31047.0,2021-10-18
2021101801012206,CBL,49,49,100,237.0,23700.0,2021-10-18
2021101801012205,CBL,11,49,20,237.0,4740.0,2021-10-18
2021101801012204,CBL,45,49,140,237.0,33180.0,2021-10-18
2021101801012203,CBL,26,49,100,237.0,23700.0,2021-10-18
2021101801012202,CBL,40,49,200,237.0,47400.0,2021-10-18
2021101801012201,CBL,14,49,209,237.0,49533.0,2021-10-18
2021101801012200,NBL,6,58,120,471.8,56616.0,2021-10-18
2021101801012199,NBL,6,11,100,471.3,47130.0,2021-10-18
2021101801012198,NBL,6,1,80,471.0,37680.0,2021-10-18
2021101801012197,NBL,6,43,150,471.0,70650.0,2021-10-18
2021101801012196,BOKL,7,21,60,332.0,19920.0,2021-10-18
2021101804011153,PICL,44,50,134,644.4,86349.6,2021-10-18
2021101804011152,LGIL,7,32,100,640.0,64000.0,2021-10-18
2021101804011151,LGIL,13,32,10,640.0,6400.0,2021-10-18
2021101804011150,STC,21,58,10,7890.0,78900.0,2021-10-18
2021101803014248,JBBL,20,38,200,470.0,94000.0,2021-10-18
2021101803014247,JBBL,58,38,43,470.0,20210.0,2021-10-18
2021101803014246,JBBL,58,38,20,470.0,9400.0,2021-10-18
2021101803014245,JBBL,58,38,100,470.0,47000.0,2021-10-18
2021101801012195,NBL,38,6,700,470.0,329000.0,2021-10-18
2021101803014244,JBBL,35,38,22,470.0,10340.0,2021-10-18
2021101803014243,HIDCL,20,33,335,300.0,100500.0,2021-10-18
2021101803014242,HIDCL,20,49,100,300.0,30000.0,2021-10-18
2021101803014241,HIDCL,20,25,65,300.0,19500.0,2021-10-18
2021101801012194,NCCB,48,34,71,295.0,20945.0,2021-10-18
2021101801012193,NCCB,48,34,129,295.0,38055.0,2021-10-18
2021101803014240,SHINE,13,16,200,446.0,89200.0,2021-10-18
2021101803014239,GMFIL,34,57,200,455.0,91000.0,2021-10-18
2021101803014238,ACLBSL,22,42,30,1430.0,42900.0,2021-10-18
2021101803014237,ACLBSL,43,42,20,1431.0,28620.0,2021-10-18
2021101801012192,NBL,58,6,300,470.1,141030.0,2021-10-18
2021101804011149,GLH,42,14,10,390.0,3900.0,2021-10-18
2021101804011148,GLH,52,14,10,403.0,4030.0,2021-10-18
2021101803014236,KMCDB,34,22,10,1198.0,11980.0,2021-10-18
2021101801012191,NABIL,47,51,23,1465.0,33695.0,2021-10-18
2021101801012190,NABIL,19,51,12,1465.0,17580.0,2021-10-18
2021101803014235,NTC,1,43,83,1000.0,83000.0,2021-10-18
2021101801012189,BOKL,16,48,1174,331.0,388594.0,2021-10-18
2021101803014234,NTC,54,43,20,1000.0,20000.0,2021-10-18
2021101803014233,NTC,11,43,40,1000.0,40000.0,2021-10-18
2021101801012188,BOKL,44,48,150,331.0,49650.0,2021-10-18
2021101803014232,NTC,35,43,10,1000.0,10000.0,2021-10-18
2021101801012187,BOKL,58,48,16,331.0,5296.0,2021-10-18
2021101803014231,NTC,50,43,10,1000.0,10000.0,2021-10-18
2021101801012186,BOKL,21,48,40,331.0,13240.0,2021-10-18
2021101803014230,NTC,14,43,75,1000.0,75000.0,2021-10-18
2021101801012185,BOKL,35,48,20,331.6,6632.0,2021-10-18
2021101803014229,NTC,25,43,10,1000.0,10000.0,2021-10-18
2021101803014228,NTC,53,43,100,1000.0,100000.0,2021-10-18
2021101803014227,NTC,29,43,50,1000.0,50000.0,2021-10-18
2021101803014226,NTC,44,43,10,1000.0,10000.0,2021-10-18
2021101803014225,NTC,45,43,100,1000.0,100000.0,2021-10-18
2021101803014224,NTC,19,43,50,1000.0,50000.0,2021-10-18
2021101803014223,NTC,49,43,122,1000.0,122000.0,2021-10-18
2021101801012184,HDL,41,25,10,6685.0,66850.0,2021-10-18
2021101801012183,HDL,41,44,10,6684.0,66840.0,2021-10-18
2021101801012182,HDL,41,16,10,6683.0,66830.0,2021-10-18
2021101803014222,ICFC,58,36,30,645.0,19350.0,2021-10-18
2021101804011147,NIBSF1,58,8,2000,11.57,23140.0,2021-10-18
2021101804011146,NIBSF1,50,8,2000,11.57,23140.0,2021-10-18
2021101804011145,SIC,42,49,30,1266.2,37986.0,2021-10-18
2021101801012181,GBIME,14,14,89,389.0,34621.0,2021-10-18
2021101801012180,GBIME,14,47,42,389.0,16338.0,2021-10-18
2021101804011144,SGI,14,35,10,568.0,5680.0,2021-10-18
2021101801012179,ADBL,21,41,25,496.0,12400.0,2021-10-18
2021101804011143,UMHL,34,4,50,395.0,19750.0,2021-10-18
2021101803014221,GLBSL,45,42,15,1544.8,23172.0,2021-10-18
2021101803014220,GLBSL,45,1,10,1544.7,15447.0,2021-10-18
2021101804011142,NHPC,45,42,100,370.0,37000.0,2021-10-18
2021101803014219,CBBL,D01,42,420,1695.0,711900.0,2021-10-18
2021101804011141,BARUN,42,59,100,384.0,38400.0,2021-10-18
2021101803014218,CBBL,54,42,30,1696.0,50880.0,2021-10-18
2021101804011140,API,3,48,20,412.0,8240.0,2021-10-18
2021101801012178,NBL,34,43,150,471.0,70650.0,2021-10-18
2021101801012177,NBL,34,58,50,471.0,23550.0,2021-10-18
2021101804011139,CHCL,55,52,15,597.0,8955.0,2021-10-18
2021101804011138,CHCL,55,57,35,595.0,20825.0,2021-10-18
2021101803014217,MNBBL,51,14,300,670.0,201000.0,2021-10-18
2021101803014216,JBBL,35,10,178,470.0,83660.0,2021-10-18
2021101803014215,JBBL,38,10,50,470.0,23500.0,2021-10-18
2021101803014214,JBBL,49,10,200,470.0,94000.0,2021-10-18
2021101803014213,JBBL,42,10,75,470.0,35250.0,2021-10-18
2021101803014212,JBBL,11,10,100,470.0,47000.0,2021-10-18
2021101803014211,JBBL,40,10,50,470.0,23500.0,2021-10-18
2021101803014210,JBBL,25,10,47,470.0,22090.0,2021-10-18
2021101803014209,JBBL,35,10,100,470.1,47010.0,2021-10-18
2021101803014208,JSLBB,46,39,20,3280.0,65600.0,2021-10-18
2021101801012176,CBL,14,57,750,237.0,177750.0,2021-10-18
2021101801012175,NMB,28,45,40,401.0,16040.0,2021-10-18
2021101801012174,NMB,43,45,50,401.1,20055.0,2021-10-18
2021101801012173,NMB,32,45,60,401.1,24066.0,2021-10-18
2021101801012172,SANIMA,52,33,40,500.0,20000.0,2021-10-18
2021101803014207,DDBL,42,52,57,1245.0,70965.0,2021-10-18
2021101803014206,SIFC,14,14,200,448.0,89600.0,2021-10-18
2021101801012171,NBL,34,58,100,470.0,47000.0,2021-10-18
2021101804011137,SLCF,48,32,1000,9.8,9800.0,2021-10-18
2021101804011136,SLCF,48,8,4800,9.63,46224.0,2021-10-18
2021101804011135,UPPER,13,45,223,582.0,129786.0,2021-10-18
2021101804011134,UPPER,13,21,200,582.0,116400.0,2021-10-18
2021101804011133,UPPER,13,46,51,581.0,29631.0,2021-10-18
2021101801012170,KBL,13,41,72,281.9,20296.8,2021-10-18
2021101804011132,UPPER,13,22,26,579.0,15054.0,2021-10-18
2021101801012169,KBL,14,41,28,281.9,7893.2,2021-10-18
2021101801012168,NBL,45,58,50,470.0,23500.0,2021-10-18
2021101801012167,NBL,34,58,100,470.0,47000.0,2021-10-18
2021101801012166,NBL,57,58,1720,470.0,808400.0,2021-10-18
2021101804011131,EIC,32,25,150,630.0,94500.0,2021-10-18
2021101801012165,NBL,57,57,100,470.0,47000.0,2021-10-18
2021101803014205,MLBL,13,28,162,555.3,89958.6,2021-10-18
2021101804011130,SHPC,45,57,35,371.0,12985.0,2021-10-18
2021101804011129,SHPC,45,57,500,371.0,185500.0,2021-10-18
2021101803014204,FOWAD,38,36,91,2740.0,249340.0,2021-10-18
2021101803014203,FOWAD,38,20,40,2739.9,109596.0,2021-10-18
2021101804011128,IGI,11,56,155,987.0,152985.0,2021-10-18
2021101804011127,IGI,1,56,25,988.0,24700.0,2021-10-18
2021101804011126,IGI,4,56,10,988.2,9882.0,2021-10-18
2021101803014202,MNBBL,57,14,50,670.0,33500.0,2021-10-18
2021101803014201,DDBL,49,57,10,1244.0,12440.0,2021-10-18
2021101804011125,AHPC,49,45,24,385.6,9254.4,2021-10-18
2021101804011124,AHPC,58,45,10,385.8,3858.0,2021-10-18
2021101804011123,AHPC,45,45,5000,386.0,1930000.0,2021-10-18
2021101804011122,AHPC,47,45,200,386.1,77220.0,2021-10-18
2021101804011121,AHPC,45,45,300,387.0,116100.0,2021-10-18
2021101804011120,AHPC,46,45,456,387.0,176472.0,2021-10-18
2021101803014200,NIFRA,41,45,10,348.0,3480.0,2021-10-18
2021101804011119,AHPC,21,45,10,387.1,3871.0,2021-10-18
2021101803014199,NTC,49,35,360,1000.0,360000.0,2021-10-18
2021101803014198,ICFC,11,57,20,643.4,12868.0,2021-10-18
2021101804011118,HDHPC,44,45,200,288.1,57620.0,2021-10-18
2021101801012164,NICA,41,3,50,820.5,41025.0,2021-10-18
2021101801012163,NICA,7,3,10,821.0,8210.0,2021-10-18
2021101803014197,SINDU,29,34,42,413.0,17346.0,2021-10-18
2021101801012162,NABIL,49,1,100,1468.0,146800.0,2021-10-18
2021101801012161,NABIL,49,1,200,1468.0,293600.0,2021-10-18
2021101804011117,STC,17,58,10,7890.0,78900.0,2021-10-18
2021101803014196,NRN,48,7,20,599.0,11980.0,2021-10-18
2021101804011116,NIL,22,57,52,1254.0,65208.0,2021-10-18
2021101803014195,GBBL,35,42,20,553.5,11070.0,2021-10-18
2021101803014194,RLI,42,16,10,493.0,4930.0,2021-10-18
2021101803014193,RLI,42,6,10,491.0,4910.0,2021-10-18
2021101803014192,JBBL,6,34,40,470.9,18836.0,2021-10-18
2021101803014191,HIDCL,6,25,15,300.0,4500.0,2021-10-18
2021101803014190,SMATA,59,7,25,1452.1,36302.5,2021-10-18
2021101803014189,SMATA,32,7,20,1452.1,29042.0,2021-10-18
2021101803014188,SMATA,16,7,100,1452.2,145220.0,2021-10-18
2021101803014187,SMATA,1,7,25,1453.5,36337.5,2021-10-18
2021101803014186,SMATA,58,7,10,1454.0,14540.0,2021-10-18
2021101804011115,SJCL,21,4,50,343.0,17150.0,2021-10-18
2021101804011114,NHPC,59,21,400,369.1,147640.0,2021-10-18
2021101804011113,NHPC,34,21,300,369.1,110730.0,2021-10-18
2021101804011112,NHPC,49,21,100,369.2,36920.0,2021-10-18
2021101804011111,RRHP,34,8,30,469.0,14070.0,2021-10-18
2021101804011110,RRHP,13,8,20,469.0,9380.0,2021-10-18
2021101804011109,NICL,34,54,10,784.7,7847.0,2021-10-18
2021101804011108,NICL,34,57,290,784.7,227563.0,2021-10-18
2021101803014185,NICLBSL,5,26,120,1093.9,131268.0,2021-10-18
2021101804011107,RHPC,35,36,200,618.0,123600.0,2021-10-18
2021101804011106,CHCL,26,57,90,595.0,53550.0,2021-10-18
2021101804011105,CHCL,26,57,50,596.0,29800.0,2021-10-18
2021101804011104,CHCL,18,57,15,596.0,8940.0,2021-10-18
2021101804011103,STC,45,58,10,7890.0,78900.0,2021-10-18
2021101803014184,SDLBSL,54,42,25,1780.0,44500.0,2021-10-18
2021101804011102,STC,22,58,50,7891.0,394550.0,2021-10-18
2021101803014183,RLFL,13,58,200,493.0,98600.0,2021-10-18
2021101804011101,STC,38,58,10,7895.0,78950.0,2021-10-18
2021101803014182,SADBL,38,59,1300,375.4,488020.0,2021-10-18
2021101803014181,SADBL,28,59,100,376.0,37600.0,2021-10-18
2021101803014180,SADBL,49,59,190,376.0,71440.0,2021-10-18
2021101803014179,SADBL,14,59,10,376.0,3760.0,2021-10-18
2021101803014178,MLBSL,45,43,10,4989.9,49899.0,2021-10-18
2021101803014177,KMCDB,34,32,20,1188.0,23760.0,2021-10-18
2021101803014176,KMCDB,34,26,10,1188.0,11880.0,2021-10-18
2021101803014175,KMCDB,34,14,140,1175.0,164500.0,2021-10-18
2021101803014174,KMCDB,34,8,50,1173.0,58650.0,2021-10-18
2021101803014173,KMCDB,34,13,30,1173.0,35190.0,2021-10-18
2021101803014172,KMCDB,34,14,100,1172.0,117200.0,2021-10-18
2021101804011100,HPPL,44,33,500,398.0,199000.0,2021-10-18
2021101804011099,HPPL,35,33,30,398.0,11940.0,2021-10-18
2021101804011098,HPPL,48,33,885,398.0,352230.0,2021-10-18
2021101804011097,AHPC,55,37,150,389.0,58350.0,2021-10-18
2021101801012160,NABIL,10,32,58,1469.0,85202.0,2021-10-18
2021101801012159,NABIL,10,53,92,1468.8,135129.6,2021-10-18
2021101805001686,JBLB,22,19,10,4400.0,44000.0,2021-10-18
2021101804011096,BARUN,41,59,10,384.0,3840.0,2021-10-18
2021101804011095,BARUN,7,59,50,384.0,19200.0,2021-10-18
2021101804011094,BARUN,17,59,10,384.0,3840.0,2021-10-18
2021101804011093,HPPL,59,50,170,400.0,68000.0,2021-10-18
2021101803014171,RLI,34,40,10,490.0,4900.0,2021-10-18
2021101804011092,SHPC,45,14,52,369.0,19188.0,2021-10-18
2021101803014170,NLICL,50,51,40,931.0,37240.0,2021-10-18
2021101803014169,NLICL,37,51,100,931.0,93100.0,2021-10-18
2021101803014168,JBBL,57,34,40,470.9,18836.0,2021-10-18
2021101803014167,CIT,22,19,20,3302.0,66040.0,2021-10-18
2021101803014166,KSBBL,45,37,10,663.0,6630.0,2021-10-18
2021101803014165,LBBL,21,32,20,495.0,9900.0,2021-10-18
2021101803014164,PLI,39,4,10,587.0,5870.0,2021-10-18
2021101803014163,NICLBSL,14,51,100,1093.0,109300.0,2021-10-18
2021101804011091,SSHL,58,41,10,307.0,3070.0,2021-10-18
2021101804011090,SSHL,59,41,150,307.0,46050.0,2021-10-18
2021101804011089,SSHL,28,41,120,307.0,36840.0,2021-10-18
2021101803014162,ALBSL,41,14,50,1644.0,82200.0,2021-10-18
2021101801012158,NBB,19,57,100,404.0,40400.0,2021-10-18
2021101803014161,MLBSL,40,35,10,4980.0,49800.0,2021-10-18
2021101804011088,NHPC,13,42,190,370.0,70300.0,2021-10-18
2021101804011087,SIL,44,42,105,825.0,86625.0,2021-10-18
2021101803014160,GLICL,45,6,25,564.0,14100.0,2021-10-18
2021101803014159,GLICL,53,6,75,564.0,42300.0,2021-10-18
2021101804011086,UMHL,22,4,30,395.0,11850.0,2021-10-18
2021101804011085,UMHL,22,7,50,394.5,19725.0,2021-10-18
2021101804011084,UMHL,22,22,220,394.0,86680.0,2021-10-18
2021101801012157,SRBL,48,38,23,304.0,6992.0,2021-10-18
2021101803014158,ALBSL,33,14,10,1644.0,16440.0,2021-10-18
2021101803014157,MERO,55,33,78,1343.0,104754.0,2021-10-18
2021101801012156,KBL,17,38,50,282.0,14100.0,2021-10-18
2021101804011083,PMHPL,42,4,300,282.0,84600.0,2021-10-18
2021101804011082,SGI,39,43,72,560.0,40320.0,2021-10-18
2021101804011081,SGI,48,43,100,560.0,56000.0,2021-10-18
2021101804011080,SGI,50,43,20,560.0,11200.0,2021-10-18
2021101803014156,FMDBL,29,42,10,880.0,8800.0,2021-10-18
2021101803014155,FMDBL,29,3,100,870.0,87000.0,2021-10-18
2021101804011079,AHPC,55,59,350,389.0,136150.0,2021-10-18
2021101801012155,BOKL,45,21,100,332.0,33200.0,2021-10-18
2021101804011078,CHCL,18,8,173,596.0,103108.0,2021-10-18
2021101801012154,NBL,8,58,50,471.0,23550.0,2021-10-18
2021101803014154,KRBL,38,48,380,411.9,156522.0,2021-10-18
2021101803014153,KRBL,38,58,20,407.0,8140.0,2021-10-18
2021101803014152,KRBL,38,11,100,406.0,40600.0,2021-10-18
2021101804011077,AHPC,56,59,150,389.0,58350.0,2021-10-18
2021101804011076,SIC,42,53,90,1266.2,113958.0,2021-10-18
2021101804011075,SIC,32,53,10,1270.0,12700.0,2021-10-18
2021101803014151,JLI,48,1,37,556.0,20572.0,2021-10-18
2021101803014150,KSBBL,20,43,700,661.1,462770.0,2021-10-18
2021101801012153,SHIVM,41,29,40,1271.5,50860.0,2021-10-18
2021101801012152,SHIVM,36,29,100,1275.0,127500.0,2021-10-18
2021101801012151,SHIVM,48,29,81,1275.0,103275.0,2021-10-18
2021101804011074,UPPER,25,22,200,579.0,115800.0,2021-10-18
2021101803014149,ICFC,58,57,10,643.4,6434.0,2021-10-18
2021101803014148,JBBL,40,19,10,470.1,4701.0,2021-10-18
2021101801012150,SANIMA,6,40,50,499.0,24950.0,2021-10-18
2021101801012149,SANIMA,38,40,50,499.9,24995.0,2021-10-18
2021101804011073,RADHI,45,32,100,544.0,54400.0,2021-10-18
2021101801012148,BOKL,45,21,70,332.0,23240.0,2021-10-18
2021101803014147,NIFRA,21,50,50,347.0,17350.0,2021-10-18
2021101803014146,ICFC,21,57,20,643.4,12868.0,2021-10-18
2021101801012147,NABIL,29,53,15,1468.8,22032.0,2021-10-18
2021101803014145,NRIC,21,46,10,1261.0,12610.0,2021-10-18
2021101803014144,NRIC,34,46,10,1261.0,12610.0,2021-10-18
2021101803014143,NRIC,33,46,100,1261.0,126100.0,2021-10-18
2021101803014142,JBBL,46,34,10,470.9,4709.0,2021-10-18
2021101803014141,GFCL,25,34,50,636.0,31800.0,2021-10-18
2021101803014140,NTC,57,52,50,1001.0,50050.0,2021-10-18
2021101803014139,SIFC,13,19,262,446.0,116852.0,2021-10-18
2021101803014138,NLIC,49,21,10,1664.0,16640.0,2021-10-18
2021101804011072,CHCL,35,8,15,596.0,8940.0,2021-10-18
2021101803014137,ALBSL,47,14,30,1648.0,49440.0,2021-10-18
2021101803014136,ALBSL,41,14,100,1650.0,165000.0,2021-10-18
2021101803014135,ALBSL,47,14,20,1650.0,33000.0,2021-10-18
2021101803014134,ALBSL,21,14,15,1650.0,24750.0,2021-10-18
2021101803014133,ALBSL,42,14,20,1650.0,33000.0,2021-10-18
2021101803014132,ALBSL,6,14,10,1650.0,16500.0,2021-10-18
2021101803014131,ALBSL,47,14,50,1651.0,82550.0,2021-10-18
2021101803014130,ALBSL,56,14,100,1651.0,165100.0,2021-10-18
2021101803014129,ALBSL,43,14,50,1652.0,82600.0,2021-10-18
2021101803014128,ALBSL,47,14,100,1652.1,165210.0,2021-10-18
2021101803014127,ALBSL,47,14,50,1652.2,82610.0,2021-10-18
2021101803014126,ALBSL,32,14,50,1653.0,82650.0,2021-10-18
2021101803014125,ALBSL,20,14,25,1653.0,41325.0,2021-10-18
2021101803014124,ALBSL,53,14,50,1653.0,82650.0,2021-10-18
2021101803014123,ALBSL,41,14,30,1653.0,49590.0,2021-10-18
2021101803014122,ALBSL,6,14,10,1653.0,16530.0,2021-10-18
2021101803014121,ALBSL,28,14,500,1653.1,826550.0,2021-10-18
2021101803014120,ALBSL,56,14,10,1653.1,16531.0,2021-10-18
2021101803014119,ALBSL,25,14,10,1654.0,16540.0,2021-10-18
2021101803014118,ALBSL,54,14,30,1654.0,49620.0,2021-10-18
2021101803014117,ALBSL,41,14,100,1654.0,165400.0,2021-10-18
2021101803014116,ALBSL,42,14,50,1654.1,82705.0,2021-10-18
2021101803014115,ALBSL,50,14,55,1660.0,91300.0,2021-10-18
2021101803014114,ALBSL,42,14,10,1660.0,16600.0,2021-10-18
2021101803014113,ALBSL,47,14,10,1662.0,16620.0,2021-10-18
2021101803014112,ALBSL,47,14,20,1665.0,33300.0,2021-10-18
2021101803014111,ALBSL,48,14,16,1665.1,26641.6,2021-10-18
2021101803014110,ALBSL,47,14,10,1666.0,16660.0,2021-10-18
2021101804011071,UPPER,38,22,20,579.0,11580.0,2021-10-18
2021101803014109,SABSL,49,1,10,1996.0,19960.0,2021-10-18
2021101803014108,ICFC,28,57,200,643.4,128680.0,2021-10-18
2021101803014107,NIFRA,36,57,895,350.0,313250.0,2021-10-18
2021101803014106,NIFRA,36,16,105,350.0,36750.0,2021-10-18
2021101801012146,SANIMA,57,33,168,500.0,84000.0,2021-10-18
2021101801012145,SANIMA,57,25,100,499.9,49990.0,2021-10-18
2021101801012144,SANIMA,57,57,232,499.9,115976.8,2021-10-18
2021101804011070,SIL,25,4,10,829.0,8290.0,2021-10-18
2021101803014105,SIFC,13,58,295,446.0,131570.0,2021-10-18
2021101804011069,API,58,48,300,412.0,123600.0,2021-10-18
2021101803014104,PLI,39,40,10,587.0,5870.0,2021-10-18
2021101801012143,MKJC,42,45,10,417.4,4174.0,2021-10-18
2021101804011068,HDHPC,29,45,100,288.1,28810.0,2021-10-18
2021101804011067,NHPC,13,11,38,370.0,14060.0,2021-10-18
2021101804011066,NHPC,38,11,190,370.0,70300.0,2021-10-18
2021101804011065,UPPER,42,22,15,579.0,8685.0,2021-10-18
2021101804011064,UPPER,48,22,10,579.0,5790.0,2021-10-18
2021101804011063,UPPER,34,22,25,579.0,14475.0,2021-10-18
2021101804011062,UPPER,43,22,10,579.0,5790.0,2021-10-18
2021101804011061,UPPER,49,22,50,580.0,29000.0,2021-10-18
2021101804011060,UPPER,3,22,90,580.0,52200.0,2021-10-18
2021101801012142,PRVU,21,20,40,388.0,15520.0,2021-10-18
2021101801012141,MEGA,41,28,100,314.0,31400.0,2021-10-18
2021101801012140,BOKL,22,21,100,332.0,33200.0,2021-10-18
2021101801012139,MEGA,57,28,25,314.0,7850.0,2021-10-18
2021101801012138,SCB,28,54,15,530.0,7950.0,2021-10-18
2021101801012137,SCB,49,54,75,530.0,39750.0,2021-10-18
2021101801012136,SCB,38,54,10,530.0,5300.0,2021-10-18
2021101803014103,SLBBL,45,54,25,1517.0,37925.0,2021-10-18
2021101803014102,SLBBL,49,54,15,1517.0,22755.0,2021-10-18
2021101803014101,GFCL,17,18,10,635.9,6359.0,2021-10-18
2021101801012135,NICA,16,11,100,822.0,82200.0,2021-10-18
2021101803014100,CBBL,D01,35,1312,1695.0,2223840.0,2021-10-18
2021101803014099,CBBL,1,35,50,1695.0,84750.0,2021-10-18
2021101803014098,CBBL,41,35,25,1695.0,42375.0,2021-10-18
2021101803014097,CBBL,41,35,200,1695.0,339000.0,2021-10-18
2021101803014096,CBBL,42,35,25,1695.0,42375.0,2021-10-18
2021101803014095,CBBL,45,35,28,1695.0,47460.0,2021-10-18
2021101803014094,CBBL,41,35,250,1695.0,423750.0,2021-10-18
2021101803014093,CBBL,19,35,100,1695.0,169500.0,2021-10-18
2021101803014092,CBBL,49,35,10,1695.0,16950.0,2021-10-18
2021101801012134,LBL,22,48,30,319.0,9570.0,2021-10-18
2021101801012133,MEGA,43,28,150,314.0,47100.0,2021-10-18
2021101801012132,PRVU,57,13,268,387.0,103716.0,2021-10-18
2021101803014091,MLBL,13,40,390,555.3,216567.0,2021-10-18
2021101803014090,MLBL,28,40,500,556.0,278000.0,2021-10-18
2021101803014089,MERO,55,52,22,1343.0,29546.0,2021-10-18
2021101803014088,MNBBL,45,14,30,670.0,20100.0,2021-10-18
2021101801012131,SANIMA,6,40,100,499.0,49900.0,2021-10-18
2021101801012130,SBL,16,33,50,445.0,22250.0,2021-10-18
2021101804011059,HPPL,48,22,115,398.0,45770.0,2021-10-18
2021101804011058,HPPL,57,22,100,398.1,39810.0,2021-10-18
2021101804011057,HPPL,14,22,50,398.1,19905.0,2021-10-18
2021101804011056,HPPL,35,22,25,398.5,9962.5,2021-10-18
2021101804011055,HPPL,14,22,500,399.0,199500.0,2021-10-18
2021101804011054,HPPL,28,22,100,399.1,39910.0,2021-10-18
2021101803014087,SINDU,29,34,33,413.0,13629.0,2021-10-18
2021101804011053,IGI,3,48,30,989.0,29670.0,2021-10-18
2021101804011052,SICL,41,34,100,1689.0,168900.0,2021-10-18
2021101803014086,PLI,34,25,10,590.0,5900.0,2021-10-18
2021101803014085,ICFC,19,57,100,643.4,64340.0,2021-10-18
2021101803014084,ICFC,21,57,50,643.4,32170.0,2021-10-18
2021101803014083,ICFC,35,57,40,643.5,25740.0,2021-10-18
2021101801012129,PRVU,57,20,500,388.0,194000.0,2021-10-18
2021101803014082,ICFC,41,57,50,644.0,32200.0,2021-10-18
2021101801012128,NMB,28,19,100,401.0,40100.0,2021-10-18
2021101803014081,NUBL,59,33,75,1452.0,108900.0,2021-10-18
2021101804011051,SHPC,59,14,48,369.0,17712.0,2021-10-18
2021101801012127,SANIMA,6,40,100,499.0,49900.0,2021-10-18
2021101803014080,GRDBL,3,59,50,361.0,18050.0,2021-10-18
2021101803014079,SWBBL,56,51,20,1589.0,31780.0,2021-10-18
2021101804011050,CGH,19,52,10,1300.0,13000.0,2021-10-18
2021101803014078,NFS,35,58,100,490.0,49000.0,2021-10-18
2021101803014077,NLIC,42,21,15,1664.0,24960.0,2021-10-18
2021101801012126,NICA,7,3,100,823.0,82300.0,2021-10-18
2021101801012125,NICA,29,13,50,821.0,41050.0,2021-10-18
2021101801012124,NICA,1,13,10,821.0,8210.0,2021-10-18
2021101801012123,NICA,47,13,100,821.0,82100.0,2021-10-18
2021101801012122,NICA,22,13,20,821.2,16424.0,2021-10-18
2021101804011049,SIL,44,4,200,829.0,165800.0,2021-10-18
2021101801012121,NICA,49,13,20,822.0,16440.0,2021-10-18
2021101801012120,MBL,22,35,100,372.0,37200.0,2021-10-18
2021101801012119,ADBL,34,41,10,496.0,4960.0,2021-10-18
2021101801012118,MEGA,33,28,50,314.0,15700.0,2021-10-18
2021101801012117,MEGA,25,28,100,314.0,31400.0,2021-10-18
2021101801012116,MEGA,29,28,10,314.0,3140.0,2021-10-18
2021101801012115,MEGA,21,28,150,314.0,47100.0,2021-10-18
2021101801012114,MEGA,25,28,100,314.0,31400.0,2021-10-18
2021101801012113,MEGA,45,28,200,314.0,62800.0,2021-10-18
2021101801012112,MEGA,49,28,200,314.0,62800.0,2021-10-18
2021101801012111,MEGA,29,28,21,314.0,6594.0,2021-10-18
2021101801012110,MEGA,42,28,40,314.5,12580.0,2021-10-18
2021101801012109,MEGA,49,28,300,315.0,94500.0,2021-10-18
2021101801012108,MEGA,32,28,20,315.0,6300.0,2021-10-18
2021101801012107,MEGA,11,28,50,315.0,15750.0,2021-10-18
2021101801012106,MEGA,45,28,50,315.0,15750.0,2021-10-18
2021101801012105,MEGA,38,28,300,315.0,94500.0,2021-10-18
2021101801012104,MEGA,42,28,10,315.0,3150.0,2021-10-18
2021101801012103,MEGA,33,28,12,316.0,3792.0,2021-10-18
2021101803014076,BFC,41,57,50,410.0,20500.0,2021-10-18
2021101804011048,UPPER,34,46,20,581.0,11620.0,2021-10-18
2021101804011047,API,25,48,300,412.0,123600.0,2021-10-18
2021101804011046,SJCL,41,4,100,343.0,34300.0,2021-10-18
2021101803014075,NLIC,42,51,81,1660.0,134460.0,2021-10-18
2021101803014074,NLIC,50,51,10,1660.1,16601.0,2021-10-18
2021101804011045,API,3,48,20,412.0,8240.0,2021-10-18
2021101804011044,API,49,48,77,412.0,31724.0,2021-10-18
2021101803014073,SIFC,57,14,50,448.0,22400.0,2021-10-18
2021101803014072,NRN,48,40,10,595.0,5950.0,2021-10-18
2021101805001685,SLI,45,47,10,536.0,5360.0,2021-10-18
2021101803014071,BFC,45,57,20,410.0,8200.0,2021-10-18
2021101801012102,MBL,36,35,100,372.0,37200.0,2021-10-18
2021101801012101,MBL,59,35,50,372.0,18600.0,2021-10-18
2021101801012100,MBL,13,35,100,372.0,37200.0,2021-10-18
2021101801012099,MBL,22,35,100,372.0,37200.0,2021-10-18
2021101801012098,MBL,29,35,100,372.0,37200.0,2021-10-18
2021101801012097,MBL,49,35,20,372.1,7442.0,2021-10-18
2021101803014070,KRBL,38,11,500,406.0,203000.0,2021-10-18
2021101805001684,JBLB,59,17,10,4390.0,43900.0,2021-10-18
2021101803014069,NIFRA,45,43,18,345.0,6210.0,2021-10-18
2021101803014068,NIFRA,21,43,50,345.0,17250.0,2021-10-18
2021101803014067,NIFRA,17,43,20,345.0,6900.0,2021-10-18
2021101803014066,NIFRA,55,43,25,345.0,8625.0,2021-10-18
2021101803014065,NIFRA,39,43,25,345.0,8625.0,2021-10-18
2021101803014064,NIFRA,43,43,50,345.0,17250.0,2021-10-18
2021101803014063,NIFRA,56,43,50,345.0,17250.0,2021-10-18
2021101803014062,NIFRA,38,43,100,345.0,34500.0,2021-10-18
2021101803014061,NIFRA,34,43,10,345.0,3450.0,2021-10-18
2021101803014060,NIFRA,39,43,500,345.0,172500.0,2021-10-18
2021101803014059,NIFRA,28,43,50,345.0,17250.0,2021-10-18
2021101803014058,NIFRA,49,43,10,345.0,3450.0,2021-10-18
2021101803014057,NIFRA,49,43,300,345.0,103500.0,2021-10-18
2021101803014056,NIFRA,42,43,50,345.0,17250.0,2021-10-18
2021101803014055,NIFRA,14,43,10,345.0,3450.0,2021-10-18
2021101803014054,NIFRA,57,43,40,345.0,13800.0,2021-10-18
2021101803014053,NIFRA,34,43,50,345.0,17250.0,2021-10-18
2021101803014052,NIFRA,53,43,100,345.0,34500.0,2021-10-18
2021101803014051,NIFRA,38,43,10,345.1,3451.0,2021-10-18
2021101803014050,NIFRA,57,43,100,345.1,34510.0,2021-10-18
2021101803014049,NIFRA,59,43,347,345.2,119784.4,2021-10-18
2021101803014048,NIFRA,36,43,30,345.3,10359.0,2021-10-18
2021101803014047,NIFRA,44,43,100,345.5,34550.0,2021-10-18
2021101803014046,NIFRA,1,43,250,345.5,86375.0,2021-10-18
2021101803014045,NIFRA,39,43,40,346.0,13840.0,2021-10-18
2021101803014044,RLFL,38,58,50,495.2,24760.0,2021-10-18
2021101804011043,RHPL,37,45,23,339.0,7797.0,2021-10-18
2021101804011042,BARUN,49,59,25,386.0,9650.0,2021-10-18
2021101804011041,BARUN,49,32,10,386.0,3860.0,2021-10-18
2021101803014043,NRIC,41,42,10,1265.0,12650.0,2021-10-18
2021101803014042,JLI,47,42,40,555.2,22208.0,2021-10-18
2021101803014041,JSLBB,6,39,55,3280.0,180400.0,2021-10-18
2021101803014040,JSLBB,6,41,15,3280.0,49200.0,2021-10-18
2021101801012096,KBL,14,52,100,281.9,28190.0,2021-10-18
2021101801012095,KBL,14,17,110,281.9,31009.0,2021-10-18
2021101804011040,GLH,52,14,10,395.7,3957.0,2021-10-18
2021101803014039,GMFIL,19,38,100,456.0,45600.0,2021-10-18
2021101804011039,DHPL,48,45,10,287.0,2870.0,2021-10-18
2021101801012094,NBL,57,58,180,470.0,84600.0,2021-10-18
2021101804011038,UMHL,58,4,80,395.0,31600.0,2021-10-18
2021101801012093,NBL,47,58,320,470.0,150400.0,2021-10-18
2021101804011037,AKPL,45,10,10,464.0,4640.0,2021-10-18
2021101804011036,AKPL,45,22,300,463.9,139170.0,2021-10-18
2021101804011035,AKPL,45,42,50,463.0,23150.0,2021-10-18
2021101804011034,AKPL,45,14,100,463.0,46300.0,2021-10-18
2021101804011033,AKPL,45,7,100,463.0,46300.0,2021-10-18
2021101804011032,AKPL,45,41,90,463.0,41670.0,2021-10-18
2021101804011031,AKPL,45,11,200,462.0,92400.0,2021-10-18
2021101804011030,AKPL,45,57,300,461.0,138300.0,2021-10-18
2021101804011029,AKPL,45,16,100,461.0,46100.0,2021-10-18
2021101804011028,AKPL,45,3,750,461.0,345750.0,2021-10-18
2021101804011027,SAEF,48,45,200,12.74,2548.0,2021-10-18
2021101803014038,MNBBL,49,14,10,670.0,6700.0,2021-10-18
2021101803014037,PFL,34,50,17,565.0,9605.0,2021-10-18
2021101803014036,PFL,34,50,17,565.0,9605.0,2021-10-18
2021101804011026,SHPC,45,14,100,369.0,36900.0,2021-10-18
2021101804011025,SHPC,6,14,80,369.0,29520.0,2021-10-18
2021101804011024,SHPC,28,14,720,369.0,265680.0,2021-10-18
2021101805001683,SLI,34,34,10,535.2,5352.0,2021-10-18
2021101804011023,NICL,34,57,10,784.7,7847.0,2021-10-18
2021101801012092,SHIVM,20,39,100,1276.0,127600.0,2021-10-18
2021101803014035,NLIC,56,21,20,1664.0,33280.0,2021-10-18
2021101804011022,UIC,58,43,172,570.0,98040.0,2021-10-18
2021101804011021,UIC,14,43,48,570.0,27360.0,2021-10-18
2021101804011020,NIL,22,47,58,1254.0,72732.0,2021-10-18
2021101804011019,NIL,26,47,50,1254.9,62745.0,2021-10-18
2021101804011018,IGI,1,48,100,989.0,98900.0,2021-10-18
2021101804011017,IGI,1,56,100,989.0,98900.0,2021-10-18
2021101801012091,KBL,13,50,10,281.6,2816.0,2021-10-18
2021101801012090,SHIVM,34,39,95,1276.0,121220.0,2021-10-18
2021101801012089,NICA,49,36,30,822.0,24660.0,2021-10-18
2021101803014034,CFCL,13,59,200,473.0,94600.0,2021-10-18
2021101803014033,SWBBL,56,51,95,1589.0,150955.0,2021-10-18
2021101804011016,RHPC,19,36,25,619.0,15475.0,2021-10-18
2021101804011015,CHCL,26,35,80,595.0,47600.0,2021-10-18
2021101803014032,MPFL,26,28,10,440.0,4400.0,2021-10-18
2021101804011014,CHCL,26,14,80,595.0,47600.0,2021-10-18
2021101803014031,RLI,52,6,50,491.0,24550.0,2021-10-18
2021101804011013,UMHL,21,7,15,394.0,5910.0,2021-10-18
2021101804011012,UMHL,34,7,50,394.0,19700.0,2021-10-18
2021101804011011,API,14,32,385,412.0,158620.0,2021-10-18
2021101804011010,AHPC,46,38,60,387.0,23220.0,2021-10-18
2021101804011009,AHPC,25,38,150,387.0,58050.0,2021-10-18
2021101801012088,MEGA,33,38,88,316.0,27808.0,2021-10-18
2021101804011008,AHPC,20,38,725,387.0,280575.0,2021-10-18
2021101803014030,NUBL,42,33,25,1452.0,36300.0,2021-10-18
2021101804011007,SSHL,28,41,80,307.0,24560.0,2021-10-18
2021101803014029,JLI,47,57,20,555.2,11104.0,2021-10-18
2021101803014028,JBBL,40,42,190,470.1,89319.0,2021-10-18
2021101803014027,JBBL,43,42,100,470.2,47020.0,2021-10-18
2021101803014026,JBBL,1,42,10,471.0,4710.0,2021-10-18
2021101801012087,NBL,47,58,80,470.0,37600.0,2021-10-18
2021101801012086,NBL,47,1,100,470.0,47000.0,2021-10-18
2021101804011006,EIC,44,49,50,630.5,31525.0,2021-10-18
2021101801012085,SBL,34,33,100,445.0,44500.0,2021-10-18
2021101803014025,RLFL,20,20,500,496.0,248000.0,2021-10-18
2021101804011005,STC,17,51,10,7890.0,78900.0,2021-10-18
2021101804011004,SHPC,47,1,100,369.2,36920.0,2021-10-18
2021101803014024,NRIC,41,40,30,1265.0,37950.0,2021-10-18
2021101804011003,BPCL,42,17,10,487.0,4870.0,2021-10-18
2021101803014023,JSLBB,6,39,14,3280.0,45920.0,2021-10-18
2021101804011002,NHPC,38,14,500,370.0,185000.0,2021-10-18
2021101803014022,NLICL,14,1,50,937.0,46850.0,2021-10-18
2021101801012084,NBL,22,1,10,470.0,4700.0,2021-10-18
2021101801012083,SANIMA,40,21,250,498.0,124500.0,2021-10-18
2021101801012082,SANIMA,25,21,50,498.0,24900.0,2021-10-18
2021101801012081,SANIMA,50,21,200,498.0,99600.0,2021-10-18
2021101801012080,SANIMA,41,21,100,498.0,49800.0,2021-10-18
2021101801012079,SANIMA,38,21,25,498.0,12450.0,2021-10-18
2021101801012078,SANIMA,14,21,50,498.0,24900.0,2021-10-18
2021101801012077,SANIMA,44,21,100,498.0,49800.0,2021-10-18
2021101801012076,SANIMA,25,21,50,498.0,24900.0,2021-10-18
2021101801012075,SANIMA,58,21,60,498.0,29880.0,2021-10-18
2021101801012074,SANIMA,6,21,20,498.0,9960.0,2021-10-18
2021101801012073,SANIMA,49,21,60,498.1,29886.0,2021-10-18
2021101801012072,SANIMA,41,21,35,498.7,17454.5,2021-10-18
2021101804011001,CHCL,32,14,60,595.0,35700.0,2021-10-18
2021101804011000,PICL,33,50,100,644.4,64440.0,2021-10-18
2021101803014021,ILBS,56,39,20,1657.0,33140.0,2021-10-18
2021101804010999,UMHL,58,7,10,394.0,3940.0,2021-10-18
2021101804010998,SIL,44,25,273,825.0,225225.0,2021-10-18
2021101804010997,SIL,45,25,10,825.0,8250.0,2021-10-18
2021101804010996,SIL,14,25,20,825.0,16500.0,2021-10-18
2021101804010995,SIL,41,25,10,825.0,8250.0,2021-10-18
2021101804010994,SIL,45,25,25,826.0,20650.0,2021-10-18
2021101803014020,MDB,56,28,133,585.1,77818.3,2021-10-18
2021101803014019,MDB,35,28,35,586.0,20510.0,2021-10-18
2021101804010993,SSHL,58,44,5,310.0,1550.0,2021-10-18
2021101804010992,SSHL,36,44,395,310.0,122450.0,2021-10-18
2021101804010991,SSHL,36,32,175,310.0,54250.0,2021-10-18
2021101804010990,SSHL,36,44,30,309.0,9270.0,2021-10-18
2021101805001682,ULI,55,32,10,577.0,5770.0,2021-10-18
2021101801012071,SANIMA,34,40,500,499.0,249500.0,2021-10-18
2021101801012070,SANIMA,38,40,10,499.0,4990.0,2021-10-18
2021101801012069,SANIMA,42,40,150,499.0,74850.0,2021-10-18
2021101801012068,CBL,14,42,41,237.0,9717.0,2021-10-18
2021101801012067,CBL,34,42,100,237.0,23700.0,2021-10-18
2021101801012066,CBL,6,42,150,237.0,35550.0,2021-10-18
2021101801012065,CBL,45,42,50,237.0,11850.0,2021-10-18
2021101801012064,CBL,4,42,500,237.0,118500.0,2021-10-18
2021101801012063,CBL,44,42,50,237.0,11850.0,2021-10-18
2021101801012062,CBL,45,42,20,237.0,4740.0,2021-10-18
2021101801012061,CBL,3,42,10,237.0,2370.0,2021-10-18
2021101801012060,CBL,4,42,14,237.0,3318.0,2021-10-18
2021101801012059,CBL,7,42,500,237.0,118500.0,2021-10-18
2021101801012058,CBL,14,42,165,237.1,39121.5,2021-10-18
2021101801012057,NABIL,14,58,150,1468.0,220200.0,2021-10-18
2021101801012056,NABIL,14,52,100,1468.0,146800.0,2021-10-18
2021101803014018,NLIC,42,14,50,1660.0,83000.0,2021-10-18
2021101801012055,CZBIL,17,40,30,309.0,9270.0,2021-10-18
2021101801012054,CZBIL,17,49,47,309.0,14523.0,2021-10-18
2021101801012053,CZBIL,17,34,258,309.0,79722.0,2021-10-18
2021101801012052,NABIL,10,10,50,1465.0,73250.0,2021-10-18
2021101803014017,NLIC,42,43,200,1660.0,332000.0,2021-10-18
2021101804010989,SJCL,17,46,100,344.0,34400.0,2021-10-18
2021101801012051,BOKL,57,21,40,332.0,13280.0,2021-10-18
2021101803014016,HIDCL,20,25,100,299.0,29900.0,2021-10-18
2021101803014015,GBBL,45,19,100,553.1,55310.0,2021-10-18
2021101803014014,GBBL,45,37,30,553.0,16590.0,2021-10-18
2021101804010988,SBCF,47,49,100,9.42,942.0,2021-10-18
2021101803014013,NRN,5,7,10,599.0,5990.0,2021-10-18
2021101803014012,SFCL,13,16,190,425.0,80750.0,2021-10-18
2021101801012050,SHIVM,34,29,105,1276.0,133980.0,2021-10-18
2021101803014011,RLFL,38,20,200,496.0,99200.0,2021-10-18
2021101801012049,SBL,35,33,84,445.0,37380.0,2021-10-18
2021101801012048,SBL,32,33,15,445.0,6675.0,2021-10-18
2021101803014010,KSBBL,58,43,440,661.0,290840.0,2021-10-18
2021101803014009,KSBBL,45,43,60,661.0,39660.0,2021-10-18
2021101801012047,NICA,29,3,25,823.0,20575.0,2021-10-18
2021101803014008,ICFC,58,36,10,645.0,6450.0,2021-10-18
2021101801012046,LBL,25,48,50,319.0,15950.0,2021-10-18
2021101804010987,SICL,18,11,20,1689.5,33790.0,2021-10-18
2021101803014007,JBBL,35,10,166,471.0,78186.0,2021-10-18
2021101803014006,NIFRA,36,16,45,350.0,15750.0,2021-10-18
2021101803014005,NIFRA,36,56,40,350.0,14000.0,2021-10-18
2021101803014004,NIFRA,36,36,60,350.0,21000.0,2021-10-18
2021101803014003,NIFRA,36,16,50,350.0,17500.0,2021-10-18
2021101803014002,NIFRA,36,29,50,350.0,17500.0,2021-10-18
2021101803014001,NIFRA,36,42,40,350.0,14000.0,2021-10-18
2021101803014000,NIFRA,36,38,60,350.0,21000.0,2021-10-18
2021101803013999,NIFRA,36,50,400,350.0,140000.0,2021-10-18
2021101803013998,NIFRA,36,29,105,350.0,36750.0,2021-10-18
2021101803013997,NIFRA,36,21,100,349.9,34990.0,2021-10-18
2021101803013996,NIFRA,36,50,30,349.8,10494.0,2021-10-18
2021101803013995,NIFRA,36,50,20,349.0,6980.0,2021-10-18
2021101801012045,ADBL,22,41,25,496.0,12400.0,2021-10-18
2021101801012044,MEGA,29,28,479,314.0,150406.0,2021-10-18
2021101801012043,MEGA,17,28,100,314.0,31400.0,2021-10-18
2021101801012042,MEGA,49,28,150,314.0,47100.0,2021-10-18
2021101801012041,MEGA,43,28,10,314.0,3140.0,2021-10-18
2021101801012040,MEGA,40,28,500,314.0,157000.0,2021-10-18
2021101801012039,MEGA,39,28,10,314.0,3140.0,2021-10-18
2021101801012038,MEGA,26,28,93,314.0,29202.0,2021-10-18
2021101801012037,MEGA,38,28,10,314.0,3140.0,2021-10-18
2021101801012036,MEGA,1,28,500,314.0,157000.0,2021-10-18
2021101801012035,MEGA,53,28,100,314.0,31400.0,2021-10-18
2021101801012034,MEGA,14,28,12,314.0,3768.0,2021-10-18
2021101801012033,MEGA,53,28,200,314.0,62800.0,2021-10-18
2021101801012032,MEGA,57,28,200,314.0,62800.0,2021-10-18
2021101801012031,MEGA,33,28,10,314.0,3140.0,2021-10-18
2021101801012030,MEGA,7,28,50,314.0,15700.0,2021-10-18
2021101801012029,MEGA,45,28,500,314.0,157000.0,2021-10-18
2021101801012028,MEGA,19,28,200,314.0,62800.0,2021-10-18
2021101801012027,MEGA,16,28,50,314.0,15700.0,2021-10-18
2021101801012026,MEGA,41,28,275,314.0,86350.0,2021-10-18
2021101801012025,MEGA,54,28,30,314.0,9420.0,2021-10-18
2021101801012024,MEGA,22,28,100,314.0,31400.0,2021-10-18
2021101801012023,MEGA,22,28,10,314.0,3140.0,2021-10-18
2021101801012022,MEGA,57,28,500,314.0,157000.0,2021-10-18
2021101801012021,MEGA,56,28,200,314.0,62800.0,2021-10-18
2021101801012020,MEGA,44,28,2000,314.0,628000.0,2021-10-18
2021101801012019,MEGA,36,28,150,314.0,47100.0,2021-10-18
2021101801012018,MEGA,14,28,100,314.1,31410.0,2021-10-18
2021101801012017,MEGA,34,28,800,314.1,251280.0,2021-10-18
2021101801012016,MEGA,47,28,40,314.1,12564.0,2021-10-18
2021101801012015,MEGA,4,28,50,314.1,15705.0,2021-10-18
2021101801012014,MEGA,26,28,500,314.1,157050.0,2021-10-18
2021101801012013,MEGA,57,28,20,314.1,6282.0,2021-10-18
2021101801012012,MEGA,6,28,15,314.1,4711.5,2021-10-18
2021101801012011,MEGA,14,28,400,314.1,125640.0,2021-10-18
2021101801012010,MEGA,13,28,80,314.1,25128.0,2021-10-18
2021101801012009,MEGA,44,28,20,314.1,6282.0,2021-10-18
2021101801012008,MEGA,38,28,30,314.1,9423.0,2021-10-18
2021101801012007,MEGA,17,28,100,314.2,31420.0,2021-10-18
2021101801012006,MEGA,13,28,500,314.2,157100.0,2021-10-18
2021101801012005,MEGA,42,28,100,314.2,31420.0,2021-10-18
2021101801012004,MEGA,43,28,100,314.2,31420.0,2021-10-18
2021101801012003,MEGA,34,28,30,314.2,9426.0,2021-10-18
2021101801012002,MEGA,22,28,10,314.3,3143.0,2021-10-18
2021101801012001,MEGA,51,28,32,314.3,10057.6,2021-10-18
2021101801012000,MEGA,51,28,125,314.4,39300.0,2021-10-18
2021101801011999,MEGA,22,28,50,314.5,15725.0,2021-10-18
2021101801011998,MEGA,53,28,50,314.5,15725.0,2021-10-18
2021101801011997,MEGA,57,28,60,315.0,18900.0,2021-10-18
2021101801011996,MEGA,56,28,50,315.0,15750.0,2021-10-18
2021101801011995,MEGA,1,28,10,315.0,3150.0,2021-10-18
2021101801011994,MEGA,40,28,20,315.0,6300.0,2021-10-18
2021101801011993,MEGA,29,28,200,315.0,63000.0,2021-10-18
2021101801011992,MEGA,13,28,19,315.0,5985.0,2021-10-18
2021101801011991,MEGA,53,28,50,315.5,15775.0,2021-10-18
2021101803013994,NLBBL,28,38,100,1355.0,135500.0,2021-10-18
2021101801011990,SBL,32,50,25,445.0,11125.0,2021-10-18
2021101801011989,SBL,57,50,25,445.0,11125.0,2021-10-18
2021101801011988,SANIMA,58,57,46,499.9,22995.4,2021-10-18
2021101801011987,SANIMA,58,49,300,499.8,149940.0,2021-10-18
2021101804010986,API,14,45,110,412.0,45320.0,2021-10-18
2021101804010985,API,58,45,25,412.0,10300.0,2021-10-18
2021101804010984,API,34,45,50,412.0,20600.0,2021-10-18
2021101804010983,API,41,45,11,412.0,4532.0,2021-10-18
2021101804010982,API,10,45,10,412.0,4120.0,2021-10-18
2021101804010981,API,45,45,15,412.1,6181.5,2021-10-18
2021101801011986,ADBL,6,49,50,495.0,24750.0,2021-10-18
2021101804010980,NIBSF2,48,4,300,9.41,2823.0,2021-10-18
2021101804010979,NIBSF2,4,4,200,9.45,1890.0,2021-10-18
2021101803013993,PLI,39,5,205,587.0,120335.0,2021-10-18
2021101803013992,PLI,29,5,100,587.0,58700.0,2021-10-18
2021101803013991,PLI,58,5,295,587.0,173165.0,2021-10-18
2021101804010978,IGI,43,56,1000,989.0,989000.0,2021-10-18
2021101803013990,NRN,56,7,10,599.0,5990.0,2021-10-18
2021101803013989,FMDBL,29,34,20,869.0,17380.0,2021-10-18
