contract,symbol,buyer,seller,qty,rate,amt,date
2021102503021977,GUFL,28,28,58,933.9,54166.2,2021-10-25
2021102501012118,NCCB,56,50,10,300.0,3000.0,2021-10-25
2021102503021976,NICLBSL,35,42,50,1110.0,55500.0,2021-10-25
2021102503021975,GUFL,28,49,100,933.9,93390.0,2021-10-25
2021102501012117,KBL,55,49,50,273.0,13650.0,2021-10-25
2021102501012116,NABIL,20,14,222,1497.0,332334.0,2021-10-25
2021102501012115,LBL,33,29,100,327.0,32700.0,2021-10-25
2021102504017674,BARUN,45,45,11,440.4,4844.4,2021-10-25
2021102504017673,API,45,48,10,460.0,4600.0,2021-10-25
2021102501012114,SHIVM,6,48,10,1315.0,13150.0,2021-10-25
2021102503021974,MFIL,52,59,118,1100.0,129800.0,2021-10-25
2021102503021973,MFIL,21,59,20,1100.0,22000.0,2021-10-25
2021102504017672,NHDL,14,22,28,465.3,13028.4,2021-10-25
2021102501012113,MEGA,5,38,62,322.0,19964.0,2021-10-25
2021102501012112,MEGA,14,38,50,322.0,16100.0,2021-10-25
2021102501012111,MEGA,38,38,88,322.0,28336.0,2021-10-25
2021102503021972,MLBL,3,43,100,605.0,60500.0,2021-10-25
2021102503021971,CBBL,48,58,10,1720.0,17200.0,2021-10-25
2021102504017671,UMHL,58,10,100,464.0,46400.0,2021-10-25
2021102503021970,RMDC,58,4,138,1545.0,213210.0,2021-10-25
2021102504017670,KKHC,58,41,100,321.0,32100.0,2021-10-25
2021102503021969,NTC,58,28,10,1178.0,11780.0,2021-10-25
2021102505002023,SLI,50,37,10,528.0,5280.0,2021-10-25
2021102504017669,NIL,21,49,75,1275.0,95625.0,2021-10-25
2021102504017668,PMHPL,39,57,75,309.9,23242.5,2021-10-25
2021102504017667,RRHP,58,26,50,515.0,25750.0,2021-10-25
2021102503021968,GBBL,19,44,17,578.0,9826.0,2021-10-25
2021102503021967,GBBL,48,44,443,578.0,256054.0,2021-10-25
2021102503021966,GBBL,59,44,40,579.0,23160.0,2021-10-25
2021102503021965,KSBBL,48,19,72,710.0,51120.0,2021-10-25
2021102503021964,KSBBL,48,29,100,710.0,71000.0,2021-10-25
2021102503021963,KSBBL,48,50,50,710.0,35500.0,2021-10-25
2021102503021962,KSBBL,48,58,50,710.0,35500.0,2021-10-25
2021102503021961,KSBBL,48,13,650,710.0,461500.0,2021-10-25
2021102503021960,KSBBL,48,35,500,710.0,355000.0,2021-10-25
2021102503021959,KSBBL,48,49,30,710.0,21300.0,2021-10-25
2021102503021958,KSBBL,48,34,500,710.0,355000.0,2021-10-25
2021102503021957,KSBBL,48,58,50,710.0,35500.0,2021-10-25
2021102503021956,KSBBL,48,1,100,710.0,71000.0,2021-10-25
2021102503021955,KSBBL,48,29,105,710.0,74550.0,2021-10-25
2021102504017666,NHPC,38,41,10,407.0,4070.0,2021-10-25
2021102503021954,KSBBL,48,17,50,709.9,35495.0,2021-10-25
2021102503021953,KSBBL,48,53,100,709.9,70990.0,2021-10-25
2021102503021952,KSBBL,48,11,200,709.0,141800.0,2021-10-25
2021102503021951,KSBBL,48,58,55,709.0,38995.0,2021-10-25
2021102503021950,KSBBL,48,19,130,709.0,92170.0,2021-10-25
2021102503021949,KSBBL,48,58,100,708.9,70890.0,2021-10-25
2021102505002022,ULI,28,7,10,595.0,5950.0,2021-10-25
2021102503021948,KSBBL,48,40,61,708.0,43188.0,2021-10-25
2021102503021947,KSBBL,48,20,10,708.0,7080.0,2021-10-25
2021102503021946,KSBBL,48,36,100,708.0,70800.0,2021-10-25
2021102503021945,KSBBL,48,57,10,707.0,7070.0,2021-10-25
2021102503021944,KSBBL,48,45,60,707.0,42420.0,2021-10-25
2021102503021943,KSBBL,48,44,200,707.0,141400.0,2021-10-25
2021102503021942,KSBBL,48,14,300,706.8,212040.0,2021-10-25
2021102503021941,KSBBL,48,38,200,706.0,141200.0,2021-10-25
2021102503021940,KSBBL,48,19,250,706.0,176500.0,2021-10-25
2021102503021939,KSBBL,48,51,20,705.0,14100.0,2021-10-25
2021102503021938,KSBBL,48,58,47,705.0,33135.0,2021-10-25
2021102501012110,SRBL,44,43,10,309.0,3090.0,2021-10-25
2021102503021937,KSBBL,48,14,100,705.0,70500.0,2021-10-25
2021102503021936,KSBBL,48,52,400,705.0,282000.0,2021-10-25
2021102503021935,KSBBL,48,38,200,705.0,141000.0,2021-10-25
2021102503021934,KSBBL,48,57,200,705.0,141000.0,2021-10-25
2021102503021933,MERO,38,54,30,1465.0,43950.0,2021-10-25
2021102504017665,GLH,35,4,10,438.9,4389.0,2021-10-25
2021102503021932,ICFC,28,1,65,763.0,49595.0,2021-10-25
2021102503021931,ICFC,28,56,10,763.0,7630.0,2021-10-25
2021102503021930,ICFC,28,58,10,762.5,7625.0,2021-10-25
2021102503021929,ICFC,28,19,125,760.0,95000.0,2021-10-25
2021102503021928,ICFC,28,50,50,760.0,38000.0,2021-10-25
2021102503021927,ICFC,28,44,200,760.0,152000.0,2021-10-25
2021102503021926,ICFC,28,57,100,760.0,76000.0,2021-10-25
2021102503021925,ICFC,28,16,140,760.0,106400.0,2021-10-25
2021102501012109,HDL,55,35,50,6790.0,339500.0,2021-10-25
2021102503021924,SLBBL,57,35,91,1569.0,142779.0,2021-10-25
2021102503021923,MLBL,3,1,100,605.0,60500.0,2021-10-25
2021102503021922,NTC,58,42,20,1175.0,23500.0,2021-10-25
2021102503021921,KSBBL,42,36,100,705.0,70500.0,2021-10-25
2021102504017664,SHPC,42,35,10,402.0,4020.0,2021-10-25
2021102503021920,NLIC,57,45,50,1697.0,84850.0,2021-10-25
2021102503021919,NLIC,17,45,50,1697.0,84850.0,2021-10-25
2021102503021918,SLICL,45,26,81,789.0,63909.0,2021-10-25
2021102504017663,NGPL,38,26,10,651.0,6510.0,2021-10-25
2021102501012108,NCCB,43,50,50,300.0,15000.0,2021-10-25
2021102503021917,MERO,52,28,20,1480.0,29600.0,2021-10-25
2021102503021916,MERO,52,22,30,1479.0,44370.0,2021-10-25
2021102503021915,FOWAD,56,56,10,2830.0,28300.0,2021-10-25
2021102503021914,FOWAD,56,41,12,2825.0,33900.0,2021-10-25
2021102503021913,FOWAD,56,4,31,2825.0,87575.0,2021-10-25
2021102503021912,FOWAD,56,38,22,2818.0,61996.0,2021-10-25
2021102503021911,FOWAD,56,16,15,2815.0,42225.0,2021-10-25
2021102504017662,UMHL,25,10,100,464.0,46400.0,2021-10-25
2021102503021910,SAPDBL,47,41,25,364.9,9122.5,2021-10-25
2021102503021909,GBBL,6,58,17,580.0,9860.0,2021-10-25
2021102503021908,GBBL,6,4,50,580.0,29000.0,2021-10-25
2021102503021907,GBBL,6,44,348,580.0,201840.0,2021-10-25
2021102503021906,GBBL,6,6,400,579.9,231960.0,2021-10-25
2021102503021905,GBBL,6,25,85,579.9,49291.5,2021-10-25
2021102503021904,GBBL,6,19,200,579.0,115800.0,2021-10-25
2021102504017661,NICL,57,29,10,786.0,7860.0,2021-10-25
2021102504017660,NICL,34,29,20,788.0,15760.0,2021-10-25
2021102501012107,NCCB,48,50,80,300.0,24000.0,2021-10-25
2021102501012106,NCCB,48,41,900,299.9,269910.0,2021-10-25
2021102501012105,NCCB,48,45,200,299.8,59960.0,2021-10-25
2021102501012104,NCCB,48,19,250,299.7,74925.0,2021-10-25
2021102501012103,NCCB,48,45,170,299.7,50949.0,2021-10-25
2021102501012102,SBI,5,17,200,350.0,70000.0,2021-10-25
2021102501012101,NABIL,20,13,60,1497.0,89820.0,2021-10-25
2021102501012100,HDL,36,4,10,6795.0,67950.0,2021-10-25
2021102504017659,NHPC,19,41,500,407.0,203500.0,2021-10-25
2021102503021903,MLBL,1,16,100,606.0,60600.0,2021-10-25
2021102503021902,HIDCL,49,14,16,322.0,5152.0,2021-10-25
2021102503021901,ICFC,58,16,10,760.0,7600.0,2021-10-25
2021102504017658,API,53,48,100,460.0,46000.0,2021-10-25
2021102503021900,PFL,42,50,30,596.0,17880.0,2021-10-25
2021102503021899,PFL,42,25,20,595.0,11900.0,2021-10-25
2021102503021898,GILB,35,36,16,2254.0,36064.0,2021-10-25
2021102503021897,GBBL,59,51,100,579.0,57900.0,2021-10-25
2021102503021896,GBBL,59,1,10,579.0,5790.0,2021-10-25
2021102503021895,GBBL,59,45,50,578.2,28910.0,2021-10-25
2021102503021894,NICLBSL,3,50,40,1106.1,44244.0,2021-10-25
2021102503021893,LBBL,43,44,200,521.0,104200.0,2021-10-25
2021102503021892,GBBL,48,43,290,578.0,167620.0,2021-10-25
2021102504017657,SHEL,36,47,10,428.0,4280.0,2021-10-25
2021102503021891,MERO,21,22,20,1479.0,29580.0,2021-10-25
2021102503021890,NTC,58,22,25,1175.0,29375.0,2021-10-25
2021102501012099,LBL,34,11,500,326.0,163000.0,2021-10-25
2021102501012098,LBL,34,32,93,326.0,30318.0,2021-10-25
2021102503021889,RSDC,34,1,10,841.0,8410.0,2021-10-25
2021102504017656,NHPC,56,41,30,407.0,12210.0,2021-10-25
2021102504017655,NHPC,44,41,50,407.0,20350.0,2021-10-25
2021102504017654,SIL,41,11,250,870.0,217500.0,2021-10-25
2021102504017653,SIL,41,18,50,870.0,43500.0,2021-10-25
2021102503021888,RLFL,45,36,20,558.0,11160.0,2021-10-25
2021102503021887,RLFL,41,36,10,558.0,5580.0,2021-10-25
2021102503021886,SHINE,28,35,11,477.0,5247.0,2021-10-25
2021102503021885,CIT,19,13,10,3365.0,33650.0,2021-10-25
2021102503021884,SHINE,10,35,1000,477.0,477000.0,2021-10-25
2021102505002021,JBLB,22,49,40,4462.0,178480.0,2021-10-25
2021102504017652,RURU,14,17,10,1025.0,10250.0,2021-10-25
2021102501012097,SRBL,42,43,100,309.0,30900.0,2021-10-25
2021102501012096,EBL,33,57,276,720.0,198720.0,2021-10-25
2021102501012095,EBL,33,52,12,720.0,8640.0,2021-10-25
2021102501012094,EBL,33,36,100,720.0,72000.0,2021-10-25
2021102501012093,EBL,33,48,859,720.0,618480.0,2021-10-25
2021102501012092,EBL,33,52,75,719.9,53992.5,2021-10-25
2021102501012091,EBL,33,25,50,719.5,35975.0,2021-10-25
2021102501012090,EBL,33,41,100,719.0,71900.0,2021-10-25
2021102501012089,EBL,33,13,30,718.0,21540.0,2021-10-25
2021102501012088,EBL,33,29,150,718.0,107700.0,2021-10-25
2021102501012087,EBL,33,25,100,718.0,71800.0,2021-10-25
2021102501012086,EBL,33,53,500,718.0,359000.0,2021-10-25
2021102501012085,EBL,33,34,120,718.0,86160.0,2021-10-25
2021102504017651,NHPC,33,42,400,408.0,163200.0,2021-10-25
2021102504017650,NHPC,33,10,100,407.8,40780.0,2021-10-25
2021102501012084,EBL,33,34,128,718.0,91904.0,2021-10-25
2021102501012083,ADBL,40,38,50,512.0,25600.0,2021-10-25
2021102504017649,NGPL,45,32,30,650.0,19500.0,2021-10-25
2021102505002020,JBLB,59,41,75,4500.0,337500.0,2021-10-25
2021102505002019,JBLB,59,38,15,4500.0,67500.0,2021-10-25
2021102505002018,JBLB,59,1,10,4500.0,45000.0,2021-10-25
2021102505002017,JBLB,59,25,10,4500.0,45000.0,2021-10-25
2021102505002016,JBLB,59,34,100,4500.0,450000.0,2021-10-25
2021102505002015,JBLB,59,45,10,4500.0,45000.0,2021-10-25
2021102505002014,JBLB,59,22,30,4500.0,135000.0,2021-10-25
2021102505002013,JBLB,59,35,10,4500.0,45000.0,2021-10-25
2021102505002012,JBLB,59,47,10,4500.0,45000.0,2021-10-25
2021102505002011,JBLB,59,49,10,4500.0,45000.0,2021-10-25
2021102505002010,JBLB,59,34,10,4500.0,45000.0,2021-10-25
2021102505002009,JBLB,59,51,10,4500.0,45000.0,2021-10-25
2021102505002008,JBLB,59,58,10,4500.0,45000.0,2021-10-25
2021102505002007,JBLB,59,42,20,4500.0,90000.0,2021-10-25
2021102505002006,JBLB,59,53,20,4500.0,90000.0,2021-10-25
2021102505002005,JBLB,59,4,100,4500.0,450000.0,2021-10-25
2021102505002004,JBLB,59,34,10,4500.0,45000.0,2021-10-25
2021102505002003,JBLB,59,28,10,4500.0,45000.0,2021-10-25
2021102505002002,JBLB,59,43,10,4500.0,45000.0,2021-10-25
2021102505002001,JBLB,59,52,20,4500.0,90000.0,2021-10-25
2021102505002000,JBLB,59,44,10,4500.0,45000.0,2021-10-25
2021102505001999,JBLB,59,14,100,4500.0,450000.0,2021-10-25
2021102505001998,JBLB,59,32,10,4500.0,45000.0,2021-10-25
2021102505001997,JBLB,59,35,10,4500.0,45000.0,2021-10-25
2021102505001996,JBLB,59,17,20,4500.0,90000.0,2021-10-25
2021102505001995,JBLB,59,45,10,4500.0,45000.0,2021-10-25
2021102505001994,JBLB,59,36,10,4500.0,45000.0,2021-10-25
2021102505001993,JBLB,59,56,10,4500.0,45000.0,2021-10-25
2021102501012082,GBIME,6,58,100,385.0,38500.0,2021-10-25
2021102505001992,JBLB,59,58,100,4500.0,450000.0,2021-10-25
2021102505001991,JBLB,59,49,10,4500.0,45000.0,2021-10-25
2021102505001990,JBLB,59,58,10,4488.0,44880.0,2021-10-25
2021102505001989,JBLB,59,39,50,4488.0,224400.0,2021-10-25
2021102505001988,JBLB,59,51,10,4488.0,44880.0,2021-10-25
2021102505001987,JBLB,59,3,50,4488.0,224400.0,2021-10-25
2021102505001986,JBLB,59,38,10,4485.0,44850.0,2021-10-25
2021102505001985,JBLB,59,55,10,4483.9,44839.0,2021-10-25
2021102505001984,JBLB,59,22,10,4480.0,44800.0,2021-10-25
2021102505001983,JBLB,59,49,10,4480.0,44800.0,2021-10-25
2021102505001982,JBLB,59,58,10,4477.8,44778.0,2021-10-25
2021102505001981,JBLB,59,36,10,4475.0,44750.0,2021-10-25
2021102505001980,JBLB,59,14,10,4474.0,44740.0,2021-10-25
2021102505001979,JBLB,59,28,20,4472.0,89440.0,2021-10-25
2021102503021883,LBBL,43,44,50,521.0,26050.0,2021-10-25
2021102504017648,GIC,17,34,50,550.0,27500.0,2021-10-25
2021102504017647,API,57,34,100,459.0,45900.0,2021-10-25
2021102504017646,API,34,48,100,460.0,46000.0,2021-10-25
2021102504017645,KKHC,34,41,10,321.0,3210.0,2021-10-25
2021102503021882,NLBBL,48,16,10,1425.0,14250.0,2021-10-25
2021102503021881,RMDC,52,4,150,1545.0,231750.0,2021-10-25
2021102503021880,RMDC,52,4,150,1548.0,232200.0,2021-10-25
2021102503021879,RMDC,14,4,150,1549.0,232350.0,2021-10-25
2021102501012081,ADBL,45,49,195,511.7,99781.5,2021-10-25
2021102503021878,NLIC,51,49,29,1696.0,49184.0,2021-10-25
2021102501012080,ADBL,29,49,100,511.7,51170.0,2021-10-25
2021102504017644,RRHP,51,21,10,516.0,5160.0,2021-10-25
2021102504017643,CHL,51,56,100,471.0,47100.0,2021-10-25
2021102503021877,NRIC,7,45,100,1266.1,126610.0,2021-10-25
2021102503021876,SINDU,45,33,50,432.0,21600.0,2021-10-25
2021102501012079,BOKL,29,35,50,333.5,16675.0,2021-10-25
2021102504017642,RHPL,56,41,27,372.0,10044.0,2021-10-25
2021102504017641,RHPL,41,41,100,372.2,37220.0,2021-10-25
2021102504017640,DHPL,34,57,40,319.0,12760.0,2021-10-25
2021102503021875,SHINE,50,35,201,477.0,95877.0,2021-10-25
2021102503021874,SHINE,50,43,169,477.0,80613.0,2021-10-25
2021102503021873,SHINE,50,34,30,474.0,14220.0,2021-10-25
2021102504017639,UPPER,56,44,97,610.0,59170.0,2021-10-25
2021102504017638,UPPER,56,53,100,609.9,60990.0,2021-10-25
2021102504017637,UPPER,56,51,10,609.9,6099.0,2021-10-25
2021102504017636,UPPER,56,21,47,609.5,28646.5,2021-10-25
2021102503021872,NLIC,51,8,30,1696.0,50880.0,2021-10-25
2021102503021871,NLIC,57,8,20,1696.0,33920.0,2021-10-25
2021102505001978,ULI,47,47,90,595.9,53631.0,2021-10-25
2021102505001977,ULI,47,48,10,595.8,5958.0,2021-10-25
2021102503021870,PLI,34,47,10,587.7,5877.0,2021-10-25
2021102504017635,CHCL,48,7,52,595.0,30940.0,2021-10-25
2021102504017634,CHCL,7,7,20,595.0,11900.0,2021-10-25
2021102504017633,CHCL,44,7,10,595.0,5950.0,2021-10-25
2021102504017632,CHCL,49,7,25,595.0,14875.0,2021-10-25
2021102504017631,CHCL,58,7,60,595.0,35700.0,2021-10-25
2021102503021869,GBBL,48,38,700,578.0,404600.0,2021-10-25
2021102504017630,CHCL,46,7,33,595.0,19635.0,2021-10-25
2021102504017629,SEF,29,39,1455,10.6,15423.0,2021-10-25
2021102504017628,NICL,52,53,390,788.0,307320.0,2021-10-25
2021102504017627,SHPC,35,28,133,400.0,53200.0,2021-10-25
2021102504017626,SHPC,33,28,100,401.0,40100.0,2021-10-25
2021102504017625,SHPC,3,28,50,401.0,20050.0,2021-10-25
2021102504017624,UIC,28,37,500,601.0,300500.0,2021-10-25
2021102501012078,NABIL,20,56,50,1497.0,74850.0,2021-10-25
2021102503021868,SWBBL,34,14,20,1581.0,31620.0,2021-10-25
2021102503021867,JFL,44,14,20,607.0,12140.0,2021-10-25
2021102503021866,JFL,58,14,300,607.2,182160.0,2021-10-25
2021102503021865,JFL,44,14,322,607.5,195615.0,2021-10-25
2021102503021864,JFL,29,14,100,607.6,60760.0,2021-10-25
2021102503021863,MMFDB,49,17,15,1540.0,23100.0,2021-10-25
2021102501012077,KBL,55,58,30,273.0,8190.0,2021-10-25
2021102503021862,NTC,58,53,11,1175.0,12925.0,2021-10-25
2021102503021861,NSLB,42,34,20,1411.0,28220.0,2021-10-25
2021102501012076,PRVU,51,33,100,390.0,39000.0,2021-10-25
2021102503021860,PLI,49,51,10,587.0,5870.0,2021-10-25
2021102501012075,GBIME,22,11,20,385.0,7700.0,2021-10-25
2021102503021859,CIT,22,41,18,3351.0,60318.0,2021-10-25
2021102503021858,CIT,57,41,10,3352.0,33520.0,2021-10-25
2021102503021857,CIT,16,41,20,3360.0,67200.0,2021-10-25
2021102503021856,CIT,35,41,10,3365.0,33650.0,2021-10-25
2021102503021855,MLBL,59,16,300,606.0,181800.0,2021-10-25
2021102504017623,PIC,59,33,100,1021.0,102100.0,2021-10-25
2021102501012074,MBL,32,56,70,322.0,22540.0,2021-10-25
2021102501012073,MBL,32,22,30,322.0,9660.0,2021-10-25
2021102504017622,PRIN,50,34,500,803.0,401500.0,2021-10-25
2021102504017621,PRIN,50,56,20,800.0,16000.0,2021-10-25
2021102504017620,PRIN,50,35,10,795.6,7956.0,2021-10-25
2021102504017619,PRIN,50,44,36,795.6,28641.6,2021-10-25
2021102504017618,OHL,44,34,100,506.0,50600.0,2021-10-25
2021102504017617,OHL,44,29,285,506.0,144210.0,2021-10-25
2021102501012070,MEGA,36,21,320,323.0,103360.0,2021-10-25
2021102503021854,NABBC,59,22,29,705.0,20445.0,2021-10-25
2021102503021853,NABBC,28,22,100,705.1,70510.0,2021-10-25
2021102503021852,JFL,44,29,11,609.0,6699.0,2021-10-25
2021102503021851,SADBL,54,14,20,370.7,7414.0,2021-10-25
2021102501012069,NCCB,4,45,20,299.7,5994.0,2021-10-25
2021102501012068,MEGA,36,42,180,323.0,58140.0,2021-10-25
2021102503021850,CBBL,48,28,20,1720.0,34400.0,2021-10-25
2021102503021849,CBBL,58,28,10,1720.0,17200.0,2021-10-25
2021102503021848,CBBL,41,28,20,1720.0,34400.0,2021-10-25
2021102505001976,ULI,28,44,10,595.0,5950.0,2021-10-25
2021102501012067,LBL,14,32,10,326.0,3260.0,2021-10-25
2021102504017614,UPCL,35,49,43,372.9,16034.7,2021-10-25
2021102504017613,UPCL,17,49,100,372.9,37290.0,2021-10-25
2021102504017612,UPCL,32,49,50,372.9,18645.0,2021-10-25
2021102504017611,UPCL,43,49,500,372.9,186450.0,2021-10-25
2021102504017610,UPCL,17,49,100,372.9,37290.0,2021-10-25
2021102504017609,UPCL,53,49,100,372.9,37290.0,2021-10-25
2021102504017608,UPCL,53,49,107,372.9,39900.3,2021-10-25
2021102501012066,CCBL,58,34,10,236.0,2360.0,2021-10-25
2021102504017607,UPPER,42,18,38,609.0,23142.0,2021-10-25
2021102503021847,MLBL,42,16,50,606.0,30300.0,2021-10-25
2021102501012072,MEGA,38,21,112,322.0,36064.0,2021-10-25
2021102504017616,BARUN,21,55,465,440.5,204832.5,2021-10-25
2021102501012071,MEGA,19,21,113,322.0,36386.0,2021-10-25
2021102504017615,BARUN,21,3,135,440.5,59467.5,2021-10-25
2021102504017604,UPPER,57,18,164,609.0,99876.0,2021-10-25
2021102504017603,UPPER,57,57,36,609.0,21924.0,2021-10-25
2021102504017602,UPPER,45,57,30,609.0,18270.0,2021-10-25
2021102501012065,SBL,35,41,10,491.0,4910.0,2021-10-25
2021102503021838,MNBBL,38,35,14,692.5,9695.0,2021-10-25
2021102505001974,ULI,35,34,10,595.8,5958.0,2021-10-25
2021102504017601,AKPL,38,59,50,515.9,25795.0,2021-10-25
2021102501012064,SBL,35,17,101,491.0,49591.0,2021-10-25
2021102503021837,GILB,35,43,12,2250.0,27000.0,2021-10-25
2021102503021836,NFS,55,50,50,569.0,28450.0,2021-10-25
2021102501012063,NBL,22,43,120,473.2,56784.0,2021-10-25
2021102504017600,RRHP,58,22,500,515.0,257500.0,2021-10-25
2021102504017599,RRHP,58,17,10,515.0,5150.0,2021-10-25
2021102504017598,RRHP,58,47,120,515.0,61800.0,2021-10-25
2021102504017597,RRHP,58,35,160,514.9,82384.0,2021-10-25
2021102504017596,RRHP,58,34,40,514.9,20596.0,2021-10-25
2021102504017595,RRHP,58,22,500,514.0,257000.0,2021-10-25
2021102504017594,RRHP,58,13,100,514.0,51400.0,2021-10-25
2021102504017593,RRHP,58,13,50,513.0,25650.0,2021-10-25
2021102504017592,RRHP,58,14,100,512.0,51200.0,2021-10-25
2021102504017591,RRHP,58,13,45,512.0,23040.0,2021-10-25
2021102503021835,SHINE,58,34,10,474.0,4740.0,2021-10-25
2021102504017606,CGH,52,57,10,1320.0,13200.0,2021-10-25
2021102504017605,UPPER,51,18,150,609.0,91350.0,2021-10-25
2021102503021846,NLIC,16,26,40,1698.0,67920.0,2021-10-25
2021102503021845,NLIC,16,42,200,1698.0,339600.0,2021-10-25
2021102503021844,NLIC,16,32,10,1698.0,16980.0,2021-10-25
2021102503021843,NLIC,16,34,50,1698.0,84900.0,2021-10-25
2021102503021842,NLIC,16,45,20,1698.0,33960.0,2021-10-25
2021102503021841,NLIC,16,14,50,1697.0,84850.0,2021-10-25
2021102503021840,NLIC,16,21,70,1697.0,118790.0,2021-10-25
2021102503021839,NLIC,16,11,60,1697.0,101820.0,2021-10-25
2021102505001975,SLI,50,22,10,528.0,5280.0,2021-10-25
2021102503021834,GBLBS,40,47,10,992.0,9920.0,2021-10-25
2021102503021833,GBLBS,41,47,20,993.0,19860.0,2021-10-25
2021102503021832,NFS,42,29,274,572.0,156728.0,2021-10-25
2021102501012062,SCB,13,5,200,533.9,106780.0,2021-10-25
2021102503021831,NIFRA,34,28,40,346.9,13876.0,2021-10-25
2021102503021830,NIFRA,34,28,10,347.0,3470.0,2021-10-25
2021102501012061,NMB,19,4,12,404.0,4848.0,2021-10-25
2021102501012060,NMB,19,45,14,404.0,5656.0,2021-10-25
2021102503021829,MLBL,11,16,100,606.0,60600.0,2021-10-25
2021102504017590,API,42,48,75,460.0,34500.0,2021-10-25
2021102501012059,NBL,22,58,280,473.2,132496.0,2021-10-25
2021102504017589,HURJA,42,32,10,435.0,4350.0,2021-10-25
2021102501012058,NBL,58,58,120,473.2,56784.0,2021-10-25
2021102503021828,NLIC,33,11,10,1697.0,16970.0,2021-10-25
2021102503021827,PROFL,52,45,561,412.0,231132.0,2021-10-25
2021102503021826,PROFL,59,45,302,412.0,124424.0,2021-10-25
2021102503021825,PROFL,45,45,50,412.0,20600.0,2021-10-25
2021102503021824,PROFL,11,45,37,412.0,15244.0,2021-10-25
2021102503021823,PROFL,58,45,50,412.1,20605.0,2021-10-25
2021102501012057,MBL,51,22,20,322.0,6440.0,2021-10-25
2021102503021822,SINDU,57,16,39,430.0,16770.0,2021-10-25
2021102503021821,SINDU,57,16,11,430.0,4730.0,2021-10-25
2021102501012056,MBL,59,13,65,322.0,20930.0,2021-10-25
2021102501012055,MBL,59,34,135,322.0,43470.0,2021-10-25
2021102503021820,NABBC,43,19,10,717.5,7175.0,2021-10-25
2021102503021819,NABBC,43,51,10,714.0,7140.0,2021-10-25
2021102503021818,NABBC,43,3,10,713.9,7139.0,2021-10-25
2021102503021817,NABBC,43,43,10,712.0,7120.0,2021-10-25
2021102501012054,MEGA,19,42,150,323.0,48450.0,2021-10-25
2021102501012053,MEGA,19,39,240,323.0,77520.0,2021-10-25
2021102501012052,MEGA,19,28,100,322.9,32290.0,2021-10-25
2021102501012051,MEGA,19,13,10,322.1,3221.0,2021-10-25
2021102503021816,NLBBL,57,58,80,1401.0,112080.0,2021-10-25
2021102503021815,PLIC,25,25,240,840.0,201600.0,2021-10-25
2021102503021814,PLIC,25,25,100,841.0,84100.0,2021-10-25
2021102504017588,CHCL,58,10,50,596.0,29800.0,2021-10-25
2021102503021813,PLIC,44,25,110,841.0,92510.0,2021-10-25
2021102503021812,PLIC,32,25,50,841.5,42075.0,2021-10-25
2021102504017587,BPCL,55,40,13,498.0,6474.0,2021-10-25
2021102503021811,GUFL,28,36,200,933.9,186780.0,2021-10-25
2021102501012050,KBL,1,25,100,274.1,27410.0,2021-10-25
2021102501012049,SRBL,14,43,50,309.0,15450.0,2021-10-25
2021102503021810,GFCL,49,35,16,685.0,10960.0,2021-10-25
2021102503021809,GRDBL,41,49,188,385.0,72380.0,2021-10-25
2021102503021808,GRDBL,57,49,100,385.0,38500.0,2021-10-25
2021102503021807,GRDBL,35,49,700,385.0,269500.0,2021-10-25
2021102503021806,GRDBL,34,49,100,387.9,38790.0,2021-10-25
2021102503021805,GRDBL,19,49,77,387.9,29868.3,2021-10-25
2021102503021804,GRDBL,34,49,700,388.0,271600.0,2021-10-25
2021102503021803,GRDBL,32,49,125,388.0,48500.0,2021-10-25
2021102504017586,RHPL,45,42,200,372.1,74420.0,2021-10-25
2021102504017585,RHPL,32,42,50,372.2,18610.0,2021-10-25
2021102503021802,JBBL,42,45,99,498.0,49302.0,2021-10-25
2021102503021801,ICFC,58,16,50,760.0,38000.0,2021-10-25
2021102501012048,CZBIL,58,42,50,301.9,15095.0,2021-10-25
2021102503021800,GUFL,28,45,100,933.9,93390.0,2021-10-25
2021102503021799,MDB,45,7,50,613.0,30650.0,2021-10-25
2021102504017584,RHPL,32,25,50,372.2,18610.0,2021-10-25
2021102503021798,RMDC,32,45,10,1550.0,15500.0,2021-10-25
2021102503021797,RMDC,32,38,20,1550.0,31000.0,2021-10-25
2021102504017583,RHPL,45,25,200,372.2,74440.0,2021-10-25
2021102503021796,SMATA,52,44,10,1468.8,14688.0,2021-10-25
2021102505001973,SLI,50,34,10,528.0,5280.0,2021-10-25
2021102505001972,SLI,50,46,10,528.0,5280.0,2021-10-25
2021102505001971,SLI,50,34,10,528.0,5280.0,2021-10-25
2021102505001970,SLI,50,42,10,528.0,5280.0,2021-10-25
2021102505001969,SLI,50,50,10,528.0,5280.0,2021-10-25
2021102505001968,SLI,50,4,100,528.0,52800.0,2021-10-25
2021102504017582,UPPER,43,21,63,609.5,38398.5,2021-10-25
2021102503021795,RSDC,58,41,10,849.0,8490.0,2021-10-25
2021102503021794,NIFRA,34,25,10,347.0,3470.0,2021-10-25
2021102503021793,SADBL,47,14,25,370.7,9267.5,2021-10-25
2021102504017581,UMHL,58,55,455,463.0,210665.0,2021-10-25
2021102504017580,UMHL,58,55,45,463.0,20835.0,2021-10-25
2021102503021792,NRN,34,4,30,640.0,19200.0,2021-10-25
2021102501012047,NBL,7,49,90,474.0,42660.0,2021-10-25
2021102501012046,NBL,7,32,10,474.0,4740.0,2021-10-25
2021102504017579,RHPC,29,55,150,714.0,107100.0,2021-10-25
2021102504017578,RHPC,29,58,294,714.0,209916.0,2021-10-25
2021102503021791,MLBL,48,16,100,606.0,60600.0,2021-10-25
2021102503021790,NLBBL,48,6,10,1410.0,14100.0,2021-10-25
2021102504017577,HGI,58,50,62,650.0,40300.0,2021-10-25
2021102504017576,HGI,58,7,50,650.0,32500.0,2021-10-25
2021102503021789,KSBBL,49,36,887,705.0,625335.0,2021-10-25
2021102504017575,HGI,58,4,100,649.0,64900.0,2021-10-25
2021102503021788,KSBBL,49,57,1000,704.0,704000.0,2021-10-25
2021102504017574,HGI,58,22,100,649.0,64900.0,2021-10-25
2021102503021787,KSBBL,49,58,100,704.0,70400.0,2021-10-25
2021102504017573,HGI,58,58,50,646.6,32330.0,2021-10-25
2021102503021786,KSBBL,49,14,13,702.5,9132.5,2021-10-25
2021102504017572,HGI,58,7,500,646.0,323000.0,2021-10-25
2021102503021785,MNBBL,49,45,20,694.0,13880.0,2021-10-25
2021102504017571,HGI,58,57,150,645.0,96750.0,2021-10-25
2021102504017570,HGI,58,26,100,645.0,64500.0,2021-10-25
2021102504017569,HGI,58,39,55,645.0,35475.0,2021-10-25
2021102504017568,HGI,58,22,250,645.0,161250.0,2021-10-25
2021102504017567,HGI,58,41,83,644.9,53526.7,2021-10-25
2021102501012045,NMB,6,53,80,403.1,32248.0,2021-10-25
2021102503021784,JLI,45,21,10,561.0,5610.0,2021-10-25
2021102504017566,NIL,38,49,25,1275.0,31875.0,2021-10-25
2021102504017565,NIL,38,38,10,1275.0,12750.0,2021-10-25
2021102504017564,NIL,38,33,10,1274.0,12740.0,2021-10-25
2021102504017563,UPPER,44,21,10,609.5,6095.0,2021-10-25
2021102503021783,MSLB,58,18,400,1952.0,780800.0,2021-10-25
2021102503021782,MSLB,56,18,100,1953.0,195300.0,2021-10-25
2021102503021781,SINDU,57,48,10,430.0,4300.0,2021-10-25
2021102503021780,NLICL,42,35,300,960.0,288000.0,2021-10-25
2021102504017562,UPPER,45,58,20,609.0,12180.0,2021-10-25
2021102504017561,UPPER,21,58,30,609.0,18270.0,2021-10-25
2021102503021779,LICN,25,3,10,1948.0,19480.0,2021-10-25
2021102503021778,LICN,25,5,20,1945.0,38900.0,2021-10-25
2021102503021777,LICN,25,3,280,1945.0,544600.0,2021-10-25
2021102503021776,SADBL,21,14,250,370.7,92675.0,2021-10-25
2021102504017560,SHL,21,34,200,230.0,46000.0,2021-10-25
2021102503021775,KSBBL,44,8,73,700.0,51100.0,2021-10-25
2021102504017559,EIC,47,36,40,648.0,25920.0,2021-10-25
2021102503021774,KSBBL,38,8,37,700.0,25900.0,2021-10-25
2021102503021773,KSBBL,14,8,90,701.0,63090.0,2021-10-25
2021102503021772,GBBL,4,45,50,578.2,28910.0,2021-10-25
2021102503021771,CHDC,5,49,131,881.9,115528.9,2021-10-25
2021102503021770,CHDC,5,58,60,881.0,52860.0,2021-10-25
2021102503021769,CHDC,5,11,100,880.0,88000.0,2021-10-25
2021102503021768,CHDC,5,33,100,880.0,88000.0,2021-10-25
2021102503021767,CHDC,5,38,300,880.0,264000.0,2021-10-25
2021102504017558,JOSHI,49,43,60,325.0,19500.0,2021-10-25
2021102503021766,SMFBS,49,43,80,2670.0,213600.0,2021-10-25
2021102503021765,MNBBL,45,45,243,694.0,168642.0,2021-10-25
2021102503021764,MNBBL,45,34,57,693.0,39501.0,2021-10-25
2021102503021763,KSBBL,53,14,487,702.5,342117.5,2021-10-25
2021102503021762,KSBBL,53,42,13,702.0,9126.0,2021-10-25
2021102503021761,CFCL,58,51,29,521.4,15120.6,2021-10-25
2021102503021760,CFCL,59,51,200,521.4,104280.0,2021-10-25
2021102503021759,CFCL,29,51,200,521.4,104280.0,2021-10-25
2021102503021758,CFCL,17,51,90,521.4,46926.0,2021-10-25
2021102503021757,CFCL,18,51,125,521.4,65175.0,2021-10-25
2021102503021756,CFCL,8,51,400,521.4,208560.0,2021-10-25
2021102504017557,STC,38,56,20,6500.1,130002.0,2021-10-25
2021102503021755,CFCL,33,51,1500,521.4,782100.0,2021-10-25
2021102503021754,CFCL,20,51,500,521.4,260700.0,2021-10-25
2021102503021753,CFCL,4,51,650,521.4,338910.0,2021-10-25
2021102503021752,CFCL,17,51,306,521.4,159548.4,2021-10-25
2021102503021751,MLBL,1,16,180,606.0,109080.0,2021-10-25
2021102503021750,MLBL,26,16,500,607.0,303500.0,2021-10-25
2021102503021749,MLBL,45,16,200,608.0,121600.0,2021-10-25
2021102503021748,MLBL,32,16,50,608.0,30400.0,2021-10-25
2021102503021747,MLBL,55,16,200,608.0,121600.0,2021-10-25
2021102503021746,MLBL,6,16,50,608.0,30400.0,2021-10-25
2021102503021745,MLBL,53,16,306,609.0,186354.0,2021-10-25
2021102501012044,NABIL,20,34,10,1497.0,14970.0,2021-10-25
2021102501012043,NABIL,20,58,100,1497.0,149700.0,2021-10-25
2021102501012042,NABIL,20,11,28,1497.0,41916.0,2021-10-25
2021102503021744,NLICL,50,42,77,963.8,74212.6,2021-10-25
2021102503021743,NLICL,50,5,21,963.8,20239.8,2021-10-25
2021102503021742,SAPDBL,21,41,14,364.9,5108.6,2021-10-25
2021102504017556,UIC,43,39,135,600.0,81000.0,2021-10-25
2021102504017555,NHPC,47,42,600,408.0,244800.0,2021-10-25
2021102504017554,NHPC,47,51,400,407.0,162800.0,2021-10-25
2021102503021741,NRN,16,52,10,639.9,6399.0,2021-10-25
2021102501012041,MEGA,56,13,10,322.1,3221.0,2021-10-25
2021102504017553,RURU,20,7,15,1020.0,15300.0,2021-10-25
2021102501012040,SANIMA,3,34,74,403.0,29822.0,2021-10-25
2021102503021740,GUFL,28,3,50,933.9,46695.0,2021-10-25
2021102501012039,SANIMA,3,32,26,403.0,10478.0,2021-10-25
2021102501012038,EBL,48,41,100,717.0,71700.0,2021-10-25
2021102505001967,ULI,28,29,10,595.0,5950.0,2021-10-25
2021102503021739,MNBBL,54,34,100,693.0,69300.0,2021-10-25
2021102503021738,GUFL,28,28,100,933.9,93390.0,2021-10-25
2021102501012037,BOKL,14,16,76,334.0,25384.0,2021-10-25
2021102501012036,BOKL,14,35,200,333.9,66780.0,2021-10-25
2021102501012035,BOKL,14,54,199,333.9,66446.1,2021-10-25
2021102501012034,BOKL,14,14,100,333.5,33350.0,2021-10-25
2021102501012033,BOKL,14,53,45,333.5,15007.5,2021-10-25
2021102503021737,MDB,19,7,100,613.0,61300.0,2021-10-25
2021102504017552,MEN,42,45,300,1227.0,368100.0,2021-10-25
2021102503021736,CORBL,49,58,10,808.0,8080.0,2021-10-25
2021102504017551,UPPER,58,45,40,609.0,24360.0,2021-10-25
2021102503021735,MLBL,53,34,170,609.0,103530.0,2021-10-25
2021102503021734,MLBL,53,45,174,609.0,105966.0,2021-10-25
2021102503021733,MERO,38,22,30,1479.0,44370.0,2021-10-25
2021102503021732,JFL,44,6,300,609.0,182700.0,2021-10-25
2021102503021731,NTC,58,53,89,1175.0,104575.0,2021-10-25
2021102503021730,NTC,58,49,50,1175.0,58750.0,2021-10-25
2021102504017550,GLH,35,57,50,438.9,21945.0,2021-10-25
2021102503021729,NTC,58,45,10,1175.0,11750.0,2021-10-25
2021102503021728,NTC,58,4,100,1175.0,117500.0,2021-10-25
2021102504017549,GLH,35,48,50,438.9,21945.0,2021-10-25
2021102503021727,NTC,58,36,100,1175.0,117500.0,2021-10-25
2021102504017548,GLH,35,47,485,438.9,212866.5,2021-10-25
2021102503021726,NTC,58,19,30,1175.0,35250.0,2021-10-25
2021102504017547,GLH,35,37,860,438.8,377368.0,2021-10-25
2021102503021725,NTC,58,49,10,1175.0,11750.0,2021-10-25
2021102504017546,GLH,35,29,100,438.6,43860.0,2021-10-25
2021102503021724,NTC,58,45,50,1175.0,58750.0,2021-10-25
2021102504017545,GLH,35,47,90,438.6,39474.0,2021-10-25
2021102503021723,NTC,58,21,35,1174.0,41090.0,2021-10-25
2021102504017544,GLH,35,19,80,438.6,35088.0,2021-10-25
2021102503021722,NTC,58,52,20,1173.0,23460.0,2021-10-25
2021102504017543,GLH,35,14,10,438.6,4386.0,2021-10-25
2021102503021721,NTC,58,46,60,1173.0,70380.0,2021-10-25
2021102504017542,GLH,35,6,100,438.5,43850.0,2021-10-25
2021102503021720,NTC,58,32,40,1172.0,46880.0,2021-10-25
2021102504017541,GLH,35,21,50,438.3,21915.0,2021-10-25
2021102504017540,GLH,35,40,333,438.0,145854.0,2021-10-25
2021102503021719,NTC,58,40,10,1170.0,11700.0,2021-10-25
2021102503021718,NTC,58,16,10,1170.0,11700.0,2021-10-25
2021102503021717,NTC,58,22,15,1170.0,17550.0,2021-10-25
2021102503021716,NTC,58,32,100,1170.0,117000.0,2021-10-25
2021102503021715,NTC,58,52,110,1170.0,128700.0,2021-10-25
2021102503021714,NTC,58,59,50,1170.0,58500.0,2021-10-25
2021102503021713,NTC,58,45,50,1170.0,58500.0,2021-10-25
2021102503021712,NTC,58,36,30,1170.0,35100.0,2021-10-25
2021102503021711,NTC,58,52,10,1170.0,11700.0,2021-10-25
2021102503021710,NTC,58,32,10,1170.0,11700.0,2021-10-25
2021102503021709,NTC,58,17,50,1170.0,58500.0,2021-10-25
2021102503021708,NTC,58,25,50,1170.0,58500.0,2021-10-25
2021102503021707,NTC,58,45,70,1170.0,81900.0,2021-10-25
2021102503021706,NTC,58,38,30,1170.0,35100.0,2021-10-25
2021102503021705,NTC,58,34,100,1170.0,117000.0,2021-10-25
2021102503021704,NTC,58,42,20,1170.0,23400.0,2021-10-25
2021102503021703,NTC,58,22,70,1170.0,81900.0,2021-10-25
2021102503021702,NTC,58,58,189,1170.0,221130.0,2021-10-25
2021102503021701,NTC,58,49,432,1170.0,505440.0,2021-10-25
2021102503021700,NTC,58,36,500,1169.0,584500.0,2021-10-25
2021102503021699,RLFL,21,21,153,560.0,85680.0,2021-10-25
2021102503021698,RLFL,21,35,15,560.0,8400.0,2021-10-25
2021102503021697,RLFL,21,1,32,559.0,17888.0,2021-10-25
2021102504017539,AKPL,38,21,200,515.9,103180.0,2021-10-25
2021102503021696,NIFRA,34,58,20,347.0,6940.0,2021-10-25
2021102503021695,NIFRA,34,55,50,347.0,17350.0,2021-10-25
2021102503021694,NIFRA,34,13,50,347.0,17350.0,2021-10-25
2021102501012032,NABIL,47,11,582,1497.0,871254.0,2021-10-25
2021102503021693,NIFRA,34,49,50,347.0,17350.0,2021-10-25
2021102503021692,NIFRA,34,45,50,347.0,17350.0,2021-10-25
2021102503021691,NIFRA,34,28,50,347.0,17350.0,2021-10-25
2021102503021690,NIFRA,34,58,60,347.0,20820.0,2021-10-25
2021102503021689,NIFRA,34,50,30,347.0,10410.0,2021-10-25
2021102503021688,NIFRA,34,35,10,347.0,3470.0,2021-10-25
2021102503021687,NIFRA,34,35,10,347.0,3470.0,2021-10-25
2021102503021686,NIFRA,34,58,50,347.0,17350.0,2021-10-25
2021102503021685,NIFRA,34,6,50,347.0,17350.0,2021-10-25
2021102503021684,NIFRA,34,7,50,347.0,17350.0,2021-10-25
2021102503021683,NIFRA,34,28,100,346.9,34690.0,2021-10-25
2021102501012031,GBIME,34,11,10,385.0,3850.0,2021-10-25
2021102505001966,JBLB,59,26,10,4460.0,44600.0,2021-10-25
2021102505001965,JBLB,59,26,20,4461.0,89220.0,2021-10-25
2021102504017538,KPCL,7,59,190,559.0,106210.0,2021-10-25
2021102501012030,SANIMA,6,32,150,403.0,60450.0,2021-10-25
2021102504017537,API,54,48,50,460.0,23000.0,2021-10-25
2021102503021682,RSDC,59,36,39,840.0,32760.0,2021-10-25
2021102503021681,RSDC,43,36,56,840.0,47040.0,2021-10-25
2021102503021680,RSDC,1,36,20,841.0,16820.0,2021-10-25
2021102503021679,RSDC,58,36,30,845.0,25350.0,2021-10-25
2021102503021678,RSDC,34,36,105,848.0,89040.0,2021-10-25
2021102504017536,SHPC,14,28,100,401.8,40180.0,2021-10-25
2021102504017535,CHCL,46,10,67,595.0,39865.0,2021-10-25
2021102504017534,CHCL,58,10,13,595.0,7735.0,2021-10-25
2021102504017533,CHCL,57,10,20,595.2,11904.0,2021-10-25
2021102504017532,API,45,48,1000,460.0,460000.0,2021-10-25
2021102503021677,JLI,41,55,10,560.0,5600.0,2021-10-25
2021102504017531,API,53,48,90,460.0,41400.0,2021-10-25
2021102504017530,API,53,58,30,459.0,13770.0,2021-10-25
2021102504017529,GLH,35,40,2667,438.0,1168146.0,2021-10-25
2021102504017528,KKHC,32,41,80,321.0,25680.0,2021-10-25
2021102503021676,DDBL,50,32,25,1247.0,31175.0,2021-10-25
2021102503021675,DDBL,50,54,10,1246.0,12460.0,2021-10-25
2021102503021674,DDBL,50,6,15,1245.0,18675.0,2021-10-25
2021102503021673,NRIC,7,43,50,1266.1,63305.0,2021-10-25
2021102503021672,NRIC,3,43,20,1267.0,25340.0,2021-10-25
2021102503021671,NRIC,34,43,30,1267.0,38010.0,2021-10-25
2021102503021670,NRIC,6,43,100,1268.0,126800.0,2021-10-25
2021102504017527,UPPER,58,58,250,609.0,152250.0,2021-10-25
2021102503021669,NTC,11,6,10,1168.0,11680.0,2021-10-25
2021102501012029,MBL,42,34,50,322.0,16100.0,2021-10-25
2021102504017526,RRHP,49,58,50,506.0,25300.0,2021-10-25
2021102504017525,BARUN,45,5,540,440.4,237816.0,2021-10-25
2021102503021668,JLI,49,51,10,560.0,5600.0,2021-10-25
2021102503021667,MLBL,53,45,50,609.0,30450.0,2021-10-25
2021102503021666,SFCL,53,22,100,480.0,48000.0,2021-10-25
2021102503021665,MLBBL,8,38,10,2010.0,20100.0,2021-10-25
2021102503021664,MLBBL,8,29,10,2009.0,20090.0,2021-10-25
2021102501012028,ADBL,46,38,20,512.0,10240.0,2021-10-25
2021102503021663,DDBL,58,50,10,1244.0,12440.0,2021-10-25
2021102503021662,RSDC,34,34,20,848.0,16960.0,2021-10-25
2021102504017524,API,34,48,400,460.0,184000.0,2021-10-25
2021102503021661,RSDC,34,40,20,843.0,16860.0,2021-10-25
2021102501012027,NBL,58,34,100,473.0,47300.0,2021-10-25
2021102503021660,JFL,26,6,100,609.0,60900.0,2021-10-25
2021102504017523,GIMES1,3,22,2000,21.0,42000.0,2021-10-25
2021102504017522,SHPC,43,28,1000,401.8,401800.0,2021-10-25
2021102503021659,NIFRA,4,36,50,346.0,17300.0,2021-10-25
2021102501012026,NBL,14,45,11,474.0,5214.0,2021-10-25
2021102501012025,NBL,14,7,30,474.0,14220.0,2021-10-25
2021102501012024,NABIL,29,42,30,1496.0,44880.0,2021-10-25
2021102501012023,HDL,42,4,50,6795.0,339750.0,2021-10-25
2021102504017521,UMHL,58,10,10,464.0,4640.0,2021-10-25
2021102503021658,MLBL,49,45,50,609.0,30450.0,2021-10-25
2021102504017520,API,58,48,100,460.0,46000.0,2021-10-25
2021102503021657,JBBL,49,45,50,498.0,24900.0,2021-10-25
2021102503021656,MLBL,45,45,200,609.0,121800.0,2021-10-25
2021102503021655,NLBBL,22,56,10,1418.0,14180.0,2021-10-25
2021102504017519,UMHL,51,10,100,464.0,46400.0,2021-10-25
2021102503021654,SABSL,57,45,31,2090.0,64790.0,2021-10-25
2021102503021653,SABSL,57,14,35,2090.0,73150.0,2021-10-25
2021102503021652,SABSL,57,22,100,2090.0,209000.0,2021-10-25
2021102503021651,SABSL,57,22,25,2090.0,52250.0,2021-10-25
2021102503021650,SABSL,57,50,20,2089.0,41780.0,2021-10-25
2021102503021649,SABSL,57,4,12,2085.0,25020.0,2021-10-25
2021102503021648,SABSL,57,28,12,2080.0,24960.0,2021-10-25
2021102503021647,SABSL,57,41,12,2080.0,24960.0,2021-10-25
2021102503021646,SABSL,57,48,21,2080.0,43680.0,2021-10-25
2021102503021645,SABSL,57,45,10,2080.0,20800.0,2021-10-25
2021102503021644,SABSL,57,48,10,2079.9,20799.0,2021-10-25
2021102503021643,SABSL,57,33,12,2079.0,24948.0,2021-10-25
2021102503021642,KMCDB,46,48,10,1231.0,12310.0,2021-10-25
2021102501012022,KBL,55,41,529,273.0,144417.0,2021-10-25
2021102501012021,KBL,39,41,210,273.1,57351.0,2021-10-25
2021102501012020,KBL,45,41,50,273.9,13695.0,2021-10-25
2021102501012019,KBL,14,41,30,274.0,8220.0,2021-10-25
2021102501012018,KBL,45,41,20,274.0,5480.0,2021-10-25
2021102501012017,KBL,17,41,161,274.0,44114.0,2021-10-25
2021102503021641,NIFRA,4,6,100,346.0,34600.0,2021-10-25
2021102504017518,LGIL,43,55,70,660.0,46200.0,2021-10-25
2021102503021640,DDBL,21,6,250,1245.0,311250.0,2021-10-25
2021102504017517,RRHP,39,58,100,506.0,50600.0,2021-10-25
2021102503021639,SHINE,49,56,4290,471.2,2021448.0,2021-10-25
2021102503021638,SHINE,41,56,10,472.0,4720.0,2021-10-25
2021102501012016,ADBL,40,38,20,512.0,10240.0,2021-10-25
2021102503021637,SHINE,4,34,10,474.0,4740.0,2021-10-25
2021102503021636,CBBL,41,49,20,1720.0,34400.0,2021-10-25
2021102503021635,CBBL,41,17,68,1720.0,116960.0,2021-10-25
2021102503021634,JFL,58,6,100,609.0,60900.0,2021-10-25
2021102503021633,MLBL,11,45,26,609.0,15834.0,2021-10-25
2021102503021632,MLBL,11,35,74,609.0,45066.0,2021-10-25
2021102503021631,MMFDB,14,17,153,1540.0,235620.0,2021-10-25
2021102503021630,MMFDB,14,57,167,1540.0,257180.0,2021-10-25
2021102504017516,RRHP,26,58,250,506.0,126500.0,2021-10-25
2021102504017515,RRHP,29,58,400,506.5,202600.0,2021-10-25
2021102504017514,RRHP,4,58,340,507.0,172380.0,2021-10-25
2021102504017513,RRHP,58,58,225,507.0,114075.0,2021-10-25
2021102504017512,RRHP,45,58,50,507.5,25375.0,2021-10-25
2021102504017511,RRHP,48,58,100,508.0,50800.0,2021-10-25
2021102504017510,RRHP,39,58,200,508.0,101600.0,2021-10-25
2021102504017509,RRHP,39,58,800,508.0,406400.0,2021-10-25
2021102504017508,RRHP,4,58,450,508.0,228600.0,2021-10-25
2021102504017507,RRHP,49,58,170,508.6,86462.0,2021-10-25
2021102504017506,RRHP,4,58,240,509.0,122160.0,2021-10-25
2021102503021629,SLBBL,49,44,300,1570.0,471000.0,2021-10-25
2021102501012015,NBL,16,7,2970,474.0,1407780.0,2021-10-25
2021102501012014,NBL,16,1,200,474.0,94800.0,2021-10-25
2021102501012013,NBL,16,50,400,474.0,189600.0,2021-10-25
2021102501012012,NBL,16,17,1430,473.2,676676.0,2021-10-25
2021102501012011,KBL,17,57,120,274.0,32880.0,2021-10-25
2021102504017505,UMHL,57,10,500,464.0,232000.0,2021-10-25
2021102504017504,UIC,43,46,500,600.0,300000.0,2021-10-25
2021102503021628,SAPDBL,41,41,50,364.9,18245.0,2021-10-25
2021102503021627,NUBL,41,57,85,1489.0,126565.0,2021-10-25
2021102505001964,MKLB,58,21,10,1710.0,17100.0,2021-10-25
2021102504017503,MHNL,45,34,10,400.0,4000.0,2021-10-25
2021102504017502,KKHC,34,41,10,321.0,3210.0,2021-10-25
2021102503021626,LICN,25,3,10,1945.0,19450.0,2021-10-25
2021102503021625,LICN,25,3,500,1940.0,970000.0,2021-10-25
2021102504017501,GIMES1,43,25,1000,21.0,21000.0,2021-10-25
2021102503021624,LICN,25,3,300,1939.0,581700.0,2021-10-25
2021102503021623,ALICL,38,39,399,1189.0,474411.0,2021-10-25
2021102503021622,ALICL,38,34,25,1186.0,29650.0,2021-10-25
2021102503021621,ALICL,38,57,20,1185.0,23700.0,2021-10-25
2021102505001963,SLI,50,7,10,527.3,5273.0,2021-10-25
2021102503021620,SKBBL,41,D01,200,1750.0,350000.0,2021-10-25
2021102503021619,GUFL,28,53,50,933.9,46695.0,2021-10-25
2021102503021618,GUFL,28,28,90,933.9,84051.0,2021-10-25
2021102503021617,GUFL,28,28,1000,933.9,933900.0,2021-10-25
2021102503021616,GUFL,28,32,150,933.9,140085.0,2021-10-25
2021102503021615,GUFL,28,47,20,933.9,18678.0,2021-10-25
2021102503021614,GUFL,28,43,50,933.9,46695.0,2021-10-25
2021102503021613,GUFL,28,33,300,933.9,280170.0,2021-10-25
2021102503021612,GUFL,28,38,200,933.9,186780.0,2021-10-25
2021102503021611,GUFL,28,49,100,933.9,93390.0,2021-10-25
2021102503021610,GUFL,28,49,10,933.9,9339.0,2021-10-25
2021102504017500,KKHC,45,41,21,321.0,6741.0,2021-10-25
2021102503021609,GUFL,28,58,50,933.9,46695.0,2021-10-25
2021102504017499,KKHC,57,41,50,321.0,16050.0,2021-10-25
2021102503021608,GUFL,28,32,50,933.9,46695.0,2021-10-25
2021102504017498,KKHC,59,41,86,321.0,27606.0,2021-10-25
2021102503021607,GUFL,28,14,500,933.9,466950.0,2021-10-25
2021102503021606,GUFL,28,45,50,933.9,46695.0,2021-10-25
2021102503021605,GUFL,28,32,50,933.9,46695.0,2021-10-25
2021102503021604,GUFL,28,28,100,933.9,93390.0,2021-10-25
2021102503021603,GUFL,28,3,500,933.0,466500.0,2021-10-25
2021102503021602,GUFL,28,56,1000,933.0,933000.0,2021-10-25
2021102503021601,GUFL,28,5,285,933.0,265905.0,2021-10-25
2021102503021600,GUFL,28,32,100,933.0,93300.0,2021-10-25
2021102503021599,GUFL,28,28,100,933.0,93300.0,2021-10-25
2021102503021598,GUFL,28,28,40,933.0,37320.0,2021-10-25
2021102503021597,GUFL,28,28,100,933.0,93300.0,2021-10-25
2021102503021596,GUFL,28,54,100,933.0,93300.0,2021-10-25
2021102503021595,GUFL,28,28,120,930.0,111600.0,2021-10-25
2021102503021594,GUFL,28,49,20,925.9,18518.0,2021-10-25
2021102503021593,GUFL,28,21,10,925.9,9259.0,2021-10-25
2021102503021592,GUFL,28,28,100,925.0,92500.0,2021-10-25
2021102503021591,GUFL,28,51,25,923.0,23075.0,2021-10-25
2021102503021590,GUFL,28,17,10,923.0,9230.0,2021-10-25
2021102503021589,GUFL,28,21,100,922.9,92290.0,2021-10-25
2021102503021588,GUFL,28,49,10,922.8,9228.0,2021-10-25
2021102503021587,GUFL,28,46,70,922.5,64575.0,2021-10-25
2021102503021586,GUFL,28,44,10,922.0,9220.0,2021-10-25
2021102503021585,GUFL,28,58,76,922.0,70072.0,2021-10-25
2021102503021584,GUFL,28,44,100,922.0,92200.0,2021-10-25
2021102501012010,SCB,13,5,10,533.9,5339.0,2021-10-25
2021102503021583,GUFL,28,29,20,922.0,18440.0,2021-10-25
2021102503021582,GUFL,28,28,16,921.9,14750.4,2021-10-25
2021102504017497,MEN,42,45,200,1227.0,245400.0,2021-10-25
2021102503021581,HIDCL,49,32,10,322.0,3220.0,2021-10-25
2021102503021580,HIDCL,49,58,100,322.0,32200.0,2021-10-25
2021102503021579,HIDCL,49,34,3000,322.0,966000.0,2021-10-25
2021102501012009,SANIMA,38,58,95,402.5,38237.5,2021-10-25
2021102503021578,HIDCL,49,6,342,322.0,110124.0,2021-10-25
2021102501012008,NBL,58,58,100,473.0,47300.0,2021-10-25
2021102504017496,UMHL,38,10,160,464.0,74240.0,2021-10-25
2021102501012007,NBL,22,58,20,473.1,9462.0,2021-10-25
2021102503021577,NFS,58,48,10,573.0,5730.0,2021-10-25
2021102503021576,MDB,45,7,400,613.0,245200.0,2021-10-25
2021102501012006,EBL,22,34,72,718.0,51696.0,2021-10-25
2021102501012005,EBL,22,58,58,718.0,41644.0,2021-10-25
2021102501012004,EBL,22,48,127,718.0,91186.0,2021-10-25
2021102501012003,SANIMA,57,32,10,403.0,4030.0,2021-10-25
2021102503021575,MNBBL,26,34,150,693.0,103950.0,2021-10-25
2021102503021574,MNBBL,34,34,40,693.0,27720.0,2021-10-25
2021102503021573,MNBBL,58,34,100,693.0,69300.0,2021-10-25
2021102504017495,NHPC,47,42,1000,408.0,408000.0,2021-10-25
2021102503021572,MNBBL,22,34,30,693.0,20790.0,2021-10-25
2021102503021571,MNBBL,29,34,50,693.0,34650.0,2021-10-25
2021102504017494,KPCL,35,59,10,559.0,5590.0,2021-10-25
2021102503021570,MNBBL,34,34,50,693.0,34650.0,2021-10-25
2021102503021569,MNBBL,58,34,123,693.0,85239.0,2021-10-25
2021102503021568,MNBBL,54,34,50,693.1,34655.0,2021-10-25
2021102503021567,MNBBL,54,34,50,693.1,34655.0,2021-10-25
2021102503021566,SADBL,26,14,50,370.7,18535.0,2021-10-25
2021102503021565,SADBL,26,1,100,370.7,37070.0,2021-10-25
2021102503021564,SADBL,26,46,350,370.7,129745.0,2021-10-25
2021102503021563,MLBL,13,35,20,609.0,12180.0,2021-10-25
2021102503021562,KSBBL,42,14,500,702.5,351250.0,2021-10-25
2021102503021561,SWBBL,26,42,35,1582.5,55387.5,2021-10-25
2021102503021560,MNBBL,58,34,35,694.9,24321.5,2021-10-25
2021102504017493,UMHL,40,35,57,464.5,26476.5,2021-10-25
2021102504017492,UMHL,40,26,30,464.5,13935.0,2021-10-25
2021102504017491,UMHL,40,47,213,464.5,98938.5,2021-10-25
2021102501012002,GBIME,6,38,41,385.0,15785.0,2021-10-25
2021102501012001,GBIME,6,58,59,385.0,22715.0,2021-10-25
2021102504017490,API,32,48,35,460.0,16100.0,2021-10-25
2021102504017489,API,32,48,65,460.0,29900.0,2021-10-25
2021102504017488,API,43,48,20,460.0,9200.0,2021-10-25
2021102503021559,NTC,58,49,18,1170.0,21060.0,2021-10-25
2021102501012000,SBL,51,17,150,491.0,73650.0,2021-10-25
2021102501011999,SBL,43,17,1000,491.0,491000.0,2021-10-25
2021102501011998,SBL,1,17,619,491.0,303929.0,2021-10-25
2021102501011997,SBL,41,17,130,491.1,63843.0,2021-10-25
2021102504017487,PRIN,38,44,64,795.6,50918.4,2021-10-25
2021102504017486,PRIN,38,34,68,795.6,54100.8,2021-10-25
2021102504017485,PRIN,38,38,203,795.5,161486.5,2021-10-25
2021102504017484,PRIN,38,58,100,795.0,79500.0,2021-10-25
2021102504017483,PRIN,38,1,70,795.0,55650.0,2021-10-25
2021102504017482,PRIN,38,57,100,795.0,79500.0,2021-10-25
2021102504017481,PRIN,38,32,10,795.0,7950.0,2021-10-25
2021102504017480,PRIN,38,28,205,795.0,162975.0,2021-10-25
2021102504017479,PRIN,38,45,50,795.0,39750.0,2021-10-25
2021102504017478,PRIN,38,44,100,795.0,79500.0,2021-10-25
2021102504017477,PRIN,38,41,100,795.0,79500.0,2021-10-25
2021102504017476,PRIN,38,45,50,795.0,39750.0,2021-10-25
2021102504017475,PRIN,38,4,85,794.0,67490.0,2021-10-25
2021102504017474,PRIN,38,36,100,790.0,79000.0,2021-10-25
2021102504017473,PRIN,38,11,20,790.0,15800.0,2021-10-25
2021102504017472,PRIN,38,16,100,790.0,79000.0,2021-10-25
2021102504017471,PRIN,38,59,373,790.0,294670.0,2021-10-25
2021102504017470,PRIN,38,22,110,790.0,86900.0,2021-10-25
2021102504017469,PRIN,38,52,92,788.0,72496.0,2021-10-25
2021102501011996,CBL,25,58,300,239.0,71700.0,2021-10-25
2021102504017468,API,54,48,475,460.0,218500.0,2021-10-25
2021102504017467,API,54,16,25,459.1,11477.5,2021-10-25
2021102504017466,HURJA,45,1,10,430.0,4300.0,2021-10-25
2021102504017465,HURJA,42,32,10,435.0,4350.0,2021-10-25
2021102501011995,SANIMA,48,32,39,403.0,15717.0,2021-10-25
2021102504017464,SIGS2,49,29,2500,10.65,26625.0,2021-10-25
2021102504017463,SJCL,45,13,101,373.0,37673.0,2021-10-25
2021102504017462,UPPER,58,45,10,609.0,6090.0,2021-10-25
2021102501011994,SBL,45,3,200,491.4,98280.0,2021-10-25
2021102501011993,NCCB,21,51,33,299.0,9867.0,2021-10-25
2021102503021558,GBBL,48,38,150,578.0,86700.0,2021-10-25
2021102503021557,GBBL,38,38,100,578.1,57810.0,2021-10-25
2021102501011992,MEGA,19,55,182,322.0,58604.0,2021-10-25
2021102503021556,MFIL,16,35,10,1103.0,11030.0,2021-10-25
2021102504017461,API,58,16,10,459.1,4591.0,2021-10-25
2021102504017460,UMHL,57,47,10,464.5,4645.0,2021-10-25
2021102504017459,API,57,48,100,460.0,46000.0,2021-10-25
2021102504017458,KKHC,20,47,10,322.0,3220.0,2021-10-25
2021102503021551,SHINE,50,48,673,476.9,320953.7,2021-10-25
2021102503021550,SHINE,50,50,339,475.0,161025.0,2021-10-25
2021102503021549,SHINE,50,34,100,475.0,47500.0,2021-10-25
2021102503021548,SHINE,50,41,2000,475.0,950000.0,2021-10-25
2021102503021547,SHINE,50,34,50,475.0,23750.0,2021-10-25
2021102503021546,SHINE,50,13,150,475.0,71250.0,2021-10-25
2021102503021545,SHINE,50,34,30,475.0,14250.0,2021-10-25
2021102503021544,SHINE,50,39,72,475.0,34200.0,2021-10-25
2021102503021543,SHINE,50,6,100,474.0,47400.0,2021-10-25
2021102503021542,SHINE,50,29,200,474.0,94800.0,2021-10-25
2021102503021541,SHINE,50,48,25,473.9,11847.5,2021-10-25
2021102501011991,NABIL,29,50,90,1496.0,134640.0,2021-10-25
2021102501011990,NBB,29,32,100,405.0,40500.0,2021-10-25
2021102501011989,NBL,43,17,200,473.2,94640.0,2021-10-25
2021102503021540,MERO,52,22,10,1479.0,14790.0,2021-10-25
2021102503021539,KRBL,36,21,240,409.0,98160.0,2021-10-25
2021102503021538,KRBL,41,21,20,410.0,8200.0,2021-10-25
2021102503021537,KRBL,58,21,10,414.0,4140.0,2021-10-25
2021102503021536,LBBL,21,44,13,521.0,6773.0,2021-10-25
2021102503021535,CIT,54,17,100,3360.0,336000.0,2021-10-25
2021102503021534,JBBL,3,25,50,497.0,24850.0,2021-10-25
2021102501011988,SBL,42,25,26,491.5,12779.0,2021-10-25
2021102503021555,NIFRA,6,43,40,346.5,13860.0,2021-10-25
2021102503021554,SHINE,50,43,31,477.0,14787.0,2021-10-25
2021102503021553,SHINE,50,55,200,477.0,95400.0,2021-10-25
2021102503021552,SHINE,50,34,30,477.0,14310.0,2021-10-25
2021102503021533,NIFRA,4,51,10,346.0,3460.0,2021-10-25
2021102503021532,NIFRA,4,25,50,346.0,17300.0,2021-10-25
2021102503021531,NIFRA,4,58,38,346.0,13148.0,2021-10-25
2021102503021530,MNBBL,49,34,200,694.9,138980.0,2021-10-25
2021102505001962,ULI,28,58,10,595.0,5950.0,2021-10-25
2021102504017457,KKHC,58,47,100,322.0,32200.0,2021-10-25
2021102504017456,SHPC,16,35,10,402.0,4020.0,2021-10-25
2021102503021529,MERO,59,22,10,1479.0,14790.0,2021-10-25
2021102503021528,ICFC,28,32,130,755.1,98163.0,2021-10-25
2021102503021527,ICFC,11,32,20,755.1,15102.0,2021-10-25
2021102503021526,ICFC,21,32,50,757.0,37850.0,2021-10-25
2021102503021525,ICFC,38,32,100,757.0,75700.0,2021-10-25
2021102501011987,GBIME,41,58,38,385.0,14630.0,2021-10-25
2021102501011986,GBIME,41,13,10,385.0,3850.0,2021-10-25
2021102503021524,NIFRA,41,58,200,346.0,69200.0,2021-10-25
2021102501011985,NICA,43,13,164,836.0,137104.0,2021-10-25
2021102501011984,NICA,43,20,36,835.0,30060.0,2021-10-25
2021102501011983,NICA,43,13,50,833.0,41650.0,2021-10-25
2021102501011982,GBIME,58,51,100,385.0,38500.0,2021-10-25
2021102501011981,GBIME,58,25,40,385.0,15400.0,2021-10-25
2021102501011980,GBIME,58,54,102,385.0,39270.0,2021-10-25
2021102503021523,ICFC,58,58,10,762.5,7625.0,2021-10-25
2021102501011979,SANIMA,39,32,20,403.0,8060.0,2021-10-25
2021102501011978,HDL,55,34,10,6790.0,67900.0,2021-10-25
2021102504017455,STC,34,57,19,6521.0,123899.0,2021-10-25
2021102504017454,STC,34,49,50,6519.0,325950.0,2021-10-25
2021102501011977,HDL,32,34,10,6795.0,67950.0,2021-10-25
2021102503021522,MLBL,14,35,338,609.0,205842.0,2021-10-25
2021102503021521,MLBL,34,35,68,609.0,41412.0,2021-10-25
2021102503021520,MLBL,20,35,500,609.2,304600.0,2021-10-25
2021102504017453,RRHP,7,13,25,512.0,12800.0,2021-10-25
2021102503021519,JBBL,25,45,455,498.0,226590.0,2021-10-25
2021102503021518,JBBL,25,40,45,498.0,22410.0,2021-10-25
2021102503021517,SLBBL,54,53,200,1569.0,313800.0,2021-10-25
2021102504017452,NHPC,44,40,990,407.0,402930.0,2021-10-25
2021102503021516,RLFL,36,1,18,559.0,10062.0,2021-10-25
2021102503021515,NRIC,14,54,20,1270.0,25400.0,2021-10-25
2021102504017451,API,41,48,1000,460.0,460000.0,2021-10-25
2021102504017450,API,35,48,1000,461.0,461000.0,2021-10-25
2021102504017449,API,38,48,32,461.0,14752.0,2021-10-25
2021102503021514,SADBL,49,46,100,370.7,37070.0,2021-10-25
2021102503021513,SINDU,58,51,10,430.0,4300.0,2021-10-25
2021102503021512,GBBL,58,45,100,578.9,57890.0,2021-10-25
2021102504017448,AIL,35,33,50,698.0,34900.0,2021-10-25
2021102503021511,NRN,16,48,10,634.0,6340.0,2021-10-25
2021102503021510,NRN,16,26,10,630.0,6300.0,2021-10-25
2021102503021509,NLIC,57,33,20,1696.0,33920.0,2021-10-25
2021102504017447,RRHP,4,57,200,509.0,101800.0,2021-10-25
2021102503021508,NLIC,57,22,10,1696.0,16960.0,2021-10-25
2021102504017446,KKHC,41,47,94,322.0,30268.0,2021-10-25
2021102504017445,KKHC,41,40,30,322.0,9660.0,2021-10-25
2021102504017444,PMHPL,39,43,100,309.0,30900.0,2021-10-25
2021102504017443,PMHPL,39,46,310,309.0,95790.0,2021-10-25
2021102504017442,SHEL,47,42,100,428.4,42840.0,2021-10-25
2021102504017441,SHEL,47,14,195,428.0,83460.0,2021-10-25
2021102504017440,SHPC,32,35,200,402.0,80400.0,2021-10-25
2021102504017439,SHPC,34,35,50,402.0,20100.0,2021-10-25
2021102503021507,MNBBL,54,34,190,694.9,132031.0,2021-10-25
2021102504017438,LEC,45,49,10,336.8,3368.0,2021-10-25
2021102503021506,SAPDBL,42,10,50,364.0,18200.0,2021-10-25
2021102504017437,KKHC,58,40,50,322.0,16100.0,2021-10-25
2021102504017436,SJCL,38,13,10,373.0,3730.0,2021-10-25
2021102505001961,ULI,34,33,55,593.0,32615.0,2021-10-25
2021102505001960,ULI,19,33,100,594.0,59400.0,2021-10-25
2021102505001959,ULI,47,33,100,595.0,59500.0,2021-10-25
2021102505001958,ULI,35,33,30,595.0,17850.0,2021-10-25
2021102505001957,ULI,57,33,75,595.0,44625.0,2021-10-25
2021102503021505,JFL,33,59,50,609.0,30450.0,2021-10-25
2021102503021504,NICLBSL,38,50,70,1111.0,77770.0,2021-10-25
2021102503021503,MLBSL,32,32,10,5076.0,50760.0,2021-10-25
2021102504017435,KKHC,43,40,25,322.0,8050.0,2021-10-25
2021102504017434,UPCL,53,7,50,372.9,18645.0,2021-10-25
2021102504017433,RRHP,4,54,60,509.0,30540.0,2021-10-25
2021102504017432,RRHP,57,54,100,509.0,50900.0,2021-10-25
2021102504017431,RRHP,34,54,40,509.0,20360.0,2021-10-25
2021102504017430,UMHL,35,47,137,464.5,63636.5,2021-10-25
2021102503021502,GUFL,28,28,34,921.9,31344.6,2021-10-25
2021102503021501,GUFL,28,4,108,921.0,99468.0,2021-10-25
2021102503021500,GUFL,28,59,13,920.0,11960.0,2021-10-25
2021102503021499,GUFL,28,41,100,920.0,92000.0,2021-10-25
2021102503021498,GUFL,28,25,45,920.0,41400.0,2021-10-25
2021102503021497,GUFL,28,54,200,920.0,184000.0,2021-10-25
2021102503021496,NRIC,58,54,10,1270.0,12700.0,2021-10-25
2021102501011976,NABIL,45,11,300,1497.0,449100.0,2021-10-25
2021102503021495,NICLBSL,38,41,30,1110.0,33300.0,2021-10-25
2021102505001956,JBLB,59,55,10,4460.0,44600.0,2021-10-25
2021102504017428,JOSHI,58,43,37,325.0,12025.0,2021-10-25
2021102504017427,JOSHI,58,57,15,325.0,4875.0,2021-10-25
2021102503021494,DDBL,21,6,150,1245.0,186750.0,2021-10-25
2021102501011975,SRBL,21,47,400,308.0,123200.0,2021-10-25
2021102501011974,SRBL,34,47,20,308.0,6160.0,2021-10-25
2021102504017426,SJCL,5,47,100,370.1,37010.0,2021-10-25
2021102501011973,SRBL,57,47,20,308.0,6160.0,2021-10-25
2021102504017425,SJCL,14,47,100,371.0,37100.0,2021-10-25
2021102501011972,SRBL,5,47,500,308.1,154050.0,2021-10-25
2021102504017424,SJCL,40,47,100,372.0,37200.0,2021-10-25
2021102501011971,SRBL,10,47,100,308.9,30890.0,2021-10-25
2021102504017423,KKHC,59,34,30,321.0,9630.0,2021-10-25
2021102501011970,CCBL,35,17,50,235.0,11750.0,2021-10-25
2021102503021493,LBBL,8,44,144,521.0,75024.0,2021-10-25
2021102503021492,LBBL,8,49,390,520.0,202800.0,2021-10-25
2021102503021491,LBBL,8,21,50,520.0,26000.0,2021-10-25
2021102503021490,LBBL,8,17,149,520.0,77480.0,2021-10-25
2021102503021489,LBBL,8,57,267,520.0,138840.0,2021-10-25
2021102501011969,NBB,21,40,198,405.0,80190.0,2021-10-25
2021102503021488,NLIC,13,22,60,1696.0,101760.0,2021-10-25
2021102503021487,SLICL,13,40,30,787.0,23610.0,2021-10-25
2021102503021486,MLBL,6,36,20,609.9,12198.0,2021-10-25
2021102504017429,LGIL,43,55,30,660.0,19800.0,2021-10-25
2021102504017422,GLH,35,52,5000,438.0,2190000.0,2021-10-25
2021102501011968,KBL,17,1,20,274.0,5480.0,2021-10-25
2021102501011967,PRVU,42,14,12,391.0,4692.0,2021-10-25
2021102501011966,PRVU,42,57,100,391.0,39100.0,2021-10-25
2021102501011965,PRVU,42,16,10,390.0,3900.0,2021-10-25
2021102501011964,PRVU,42,26,23,390.0,8970.0,2021-10-25
2021102501011963,NBL,42,17,120,473.2,56784.0,2021-10-25
2021102501011962,SBL,42,34,30,491.5,14745.0,2021-10-25
2021102501011961,SBL,42,41,444,491.5,218226.0,2021-10-25
2021102501011960,CZBIL,22,42,20,301.9,6038.0,2021-10-25
2021102501011959,CCBL,56,34,10,236.0,2360.0,2021-10-25
2021102503021485,SABSL,57,33,1000,2078.0,2078000.0,2021-10-25
2021102501011958,HDL,18,14,10,6800.0,68000.0,2021-10-25
2021102501011957,MEGA,59,13,180,322.1,57978.0,2021-10-25
2021102505001955,JBLB,59,42,40,4462.0,178480.0,2021-10-25
2021102501011956,MEGA,59,21,20,322.1,6442.0,2021-10-25
2021102504017421,API,41,16,100,463.0,46300.0,2021-10-25
2021102504017420,BPCL,34,11,90,498.0,44820.0,2021-10-25
2021102504017419,API,38,50,18,460.0,8280.0,2021-10-25
2021102501011947,NBL,4,17,250,473.2,118300.0,2021-10-25
2021102504017418,NGPL,41,58,50,650.0,32500.0,2021-10-25
2021102504017417,GLH,35,34,500,438.0,219000.0,2021-10-25
2021102504017416,GLH,35,58,100,438.0,43800.0,2021-10-25
2021102504017415,GLH,35,21,20,438.0,8760.0,2021-10-25
2021102504017414,GLH,35,45,10,438.0,4380.0,2021-10-25
2021102504017413,GLH,35,45,160,437.8,70048.0,2021-10-25
2021102504017412,GLH,35,29,70,437.8,30646.0,2021-10-25
2021102504017411,GLH,35,45,215,437.8,94127.0,2021-10-25
2021102504017410,GLH,35,42,100,437.8,43780.0,2021-10-25
2021102504017409,GLH,35,14,30,437.0,13110.0,2021-10-25
2021102504017408,GLH,35,32,10,437.0,4370.0,2021-10-25
2021102504017407,GLH,35,58,100,437.0,43700.0,2021-10-25
2021102504017406,GLH,35,16,18,437.0,7866.0,2021-10-25
2021102504017405,GLH,35,13,100,437.0,43700.0,2021-10-25
2021102504017404,GLH,35,48,90,436.0,39240.0,2021-10-25
2021102504017403,GLH,35,4,20,436.0,8720.0,2021-10-25
2021102504017402,GLH,35,58,50,436.0,21800.0,2021-10-25
2021102504017401,GLH,35,48,500,433.5,216750.0,2021-10-25
2021102504017400,GLH,35,22,240,433.5,104040.0,2021-10-25
2021102501011955,MEGA,19,39,205,322.0,66010.0,2021-10-25
2021102501011954,MEGA,21,39,100,322.0,32200.0,2021-10-25
2021102501011953,MEGA,56,39,30,322.0,9660.0,2021-10-25
2021102501011952,MEGA,32,39,500,322.0,161000.0,2021-10-25
2021102501011951,MEGA,29,39,20,322.0,6440.0,2021-10-25
2021102501011950,MEGA,58,39,50,322.0,16100.0,2021-10-25
2021102501011949,MEGA,4,39,85,322.0,27370.0,2021-10-25
2021102501011948,MEGA,45,39,10,322.0,3220.0,2021-10-25
2021102504017399,OHL,44,28,100,505.9,50590.0,2021-10-25
2021102503021484,JBBL,49,40,40,498.0,19920.0,2021-10-25
2021102504017398,RADHI,19,49,50,594.0,29700.0,2021-10-25
2021102503021483,JBBL,49,14,30,498.0,14940.0,2021-10-25
2021102501011946,NABIL,29,49,25,1496.0,37400.0,2021-10-25
2021102504017397,BARUN,48,5,20,440.4,8808.0,2021-10-25
2021102504017396,GIC,50,34,100,550.0,55000.0,2021-10-25
2021102505001954,JBLB,59,22,25,4460.0,111500.0,2021-10-25
2021102504017395,STC,57,34,2,6505.0,13010.0,2021-10-25
2021102504017394,STC,42,34,18,6510.0,117180.0,2021-10-25
2021102504017393,KKHC,59,34,200,321.0,64200.0,2021-10-25
2021102504017392,NIBSF2,7,49,200,9.76,1952.0,2021-10-25
2021102504017391,GIC,13,34,100,550.0,55000.0,2021-10-25
2021102503021482,NICLBSL,25,41,10,1110.0,11100.0,2021-10-25
2021102503021481,NICLBSL,37,41,30,1110.0,33300.0,2021-10-25
2021102503021480,NICLBSL,28,41,30,1110.0,33300.0,2021-10-25
2021102503021479,SABSL,35,43,11,2075.0,22825.0,2021-10-25
2021102503021478,NUBL,42,57,15,1489.0,22335.0,2021-10-25
2021102501011945,BOKL,41,51,63,332.9,20972.7,2021-10-25
2021102503021477,ALBSL,39,44,100,1780.0,178000.0,2021-10-25
2021102503021476,MLBL,34,34,32,609.0,19488.0,2021-10-25
2021102503021475,KSBBL,38,41,45,700.0,31500.0,2021-10-25
2021102501011944,SRBL,10,13,200,308.9,61780.0,2021-10-25
2021102503021474,SMB,10,14,10,2624.0,26240.0,2021-10-25
2021102504017390,AHPC,35,49,10,443.8,4438.0,2021-10-25
2021102504017389,NHPC,48,40,10,407.0,4070.0,2021-10-25
2021102501011943,SANIMA,21,32,400,403.0,161200.0,2021-10-25
2021102501011942,NICA,58,58,117,840.9,98385.3,2021-10-25
2021102501011941,NICA,58,36,100,840.0,84000.0,2021-10-25
2021102501011940,NICA,58,7,400,840.0,336000.0,2021-10-25
2021102501011939,NICA,58,6,10,840.0,8400.0,2021-10-25
2021102501011938,NICA,58,11,496,840.0,416640.0,2021-10-25
2021102501011937,NICA,58,17,500,840.0,420000.0,2021-10-25
2021102501011936,NICA,58,26,62,840.0,52080.0,2021-10-25
2021102501011935,NICA,58,34,955,840.0,802200.0,2021-10-25
2021102501011934,NICA,58,16,100,840.0,84000.0,2021-10-25
2021102501011933,NICA,58,45,30,839.0,25170.0,2021-10-25
2021102503021473,FOWAD,39,19,11,2810.0,30910.0,2021-10-25
2021102501011932,NICA,58,14,500,838.9,419450.0,2021-10-25
2021102503021472,FOWAD,38,19,20,2810.0,56200.0,2021-10-25
2021102501011931,NICA,58,34,1000,838.0,838000.0,2021-10-25
2021102503021471,ICFC,58,38,5,760.0,3800.0,2021-10-25
2021102501011930,NICA,58,22,30,837.5,25125.0,2021-10-25
2021102503021470,ICFC,58,38,20,760.0,15200.0,2021-10-25
2021102501011929,NICA,58,43,500,837.0,418500.0,2021-10-25
2021102503021469,ICFC,58,42,30,757.0,22710.0,2021-10-25
2021102501011928,NICA,58,49,200,835.4,167080.0,2021-10-25
2021102503021468,ICFC,58,29,25,757.0,18925.0,2021-10-25
2021102503021467,NRIC,3,54,50,1270.0,63500.0,2021-10-25
2021102503021466,NRIC,10,54,80,1270.0,101600.0,2021-10-25
2021102504017388,BPCL,29,11,10,498.0,4980.0,2021-10-25
2021102503021465,CBBL,42,17,20,1720.0,34400.0,2021-10-25
2021102503021464,SMFDB,58,37,175,1404.5,245787.5,2021-10-25
2021102503021463,SFCL,56,22,55,480.0,26400.0,2021-10-25
2021102504017387,API,38,50,20,460.0,9200.0,2021-10-25
2021102504017386,API,29,50,28,460.0,12880.0,2021-10-25
2021102504017385,API,42,50,359,460.0,165140.0,2021-10-25
2021102504017384,GLH,47,22,40,433.5,17340.0,2021-10-25
2021102504017383,GLH,47,43,60,433.5,26010.0,2021-10-25
2021102504017382,GIC,17,34,30,550.0,16500.0,2021-10-25
2021102501011927,NABIL,55,11,40,1497.0,59880.0,2021-10-25
2021102503021462,GBBL,35,1,20,579.0,11580.0,2021-10-25
2021102503021461,GBBL,35,17,400,578.9,231560.0,2021-10-25
2021102503021460,SKBBL,45,D01,110,1750.0,192500.0,2021-10-25
2021102503021459,SKBBL,45,32,50,1749.9,87495.0,2021-10-25
2021102503021458,SKBBL,45,41,40,1749.0,69960.0,2021-10-25
2021102501011926,NBL,22,34,30,473.1,14193.0,2021-10-25
2021102503021457,RLI,16,37,25,499.0,12475.0,2021-10-25
2021102503021456,RLI,16,59,60,498.8,29928.0,2021-10-25
2021102503021455,RLI,16,55,10,498.0,4980.0,2021-10-25
2021102503021454,RLI,16,26,10,498.0,4980.0,2021-10-25
2021102503021453,RLI,16,5,195,498.0,97110.0,2021-10-25
2021102504017381,KKHC,20,40,10,322.0,3220.0,2021-10-25
2021102503021452,NIFRA,57,58,100,346.0,34600.0,2021-10-25
2021102504017380,API,42,39,100,460.0,46000.0,2021-10-25
2021102503021451,JLI,49,34,20,560.0,11200.0,2021-10-25
2021102503021450,JLI,28,34,10,561.9,5619.0,2021-10-25
2021102501011925,LBL,34,34,500,325.9,162950.0,2021-10-25
2021102503021449,JFL,33,38,150,609.0,91350.0,2021-10-25
2021102501011924,KBL,17,41,100,274.0,27400.0,2021-10-25
2021102501011923,KBL,17,36,154,274.0,42196.0,2021-10-25
2021102503021448,PLI,49,54,10,587.0,5870.0,2021-10-25
2021102501011922,SANIMA,38,41,77,402.5,30992.5,2021-10-25
2021102504017379,RRHP,41,13,100,512.0,51200.0,2021-10-25
2021102503021447,SKBBL,41,29,10,1745.0,17450.0,2021-10-25
2021102503021446,SMB,10,14,23,2624.0,60352.0,2021-10-25
2021102503021445,SMB,10,32,167,2620.0,437540.0,2021-10-25
2021102504017378,RHPL,58,45,10,374.0,3740.0,2021-10-25
2021102504017377,RHPL,25,45,12,374.0,4488.0,2021-10-25
2021102503021444,SLBSL,43,48,60,1292.0,77520.0,2021-10-25
2021102503021443,SLBSL,17,48,40,1292.0,51680.0,2021-10-25
2021102503021442,NTC,29,22,100,1168.0,116800.0,2021-10-25
2021102503021441,NTC,47,22,40,1168.0,46720.0,2021-10-25
2021102503021440,LBBL,26,57,33,520.0,17160.0,2021-10-25
2021102503021439,LBBL,26,51,50,520.0,26000.0,2021-10-25
2021102503021438,LBBL,26,34,417,520.0,216840.0,2021-10-25
2021102503021437,DDBL,42,6,20,1245.0,24900.0,2021-10-25
2021102503021436,DDBL,46,6,50,1245.0,62250.0,2021-10-25
2021102503021435,DDBL,49,6,15,1245.0,18675.0,2021-10-25
2021102501011921,NABIL,29,40,10,1496.0,14960.0,2021-10-25
2021102501011920,MKJC,35,14,40,426.0,17040.0,2021-10-25
2021102501011919,MKJC,4,14,80,426.0,34080.0,2021-10-25
2021102501011918,MKJC,58,14,10,426.1,4261.0,2021-10-25
2021102501011917,MKJC,57,14,10,429.0,4290.0,2021-10-25
2021102501011916,MKJC,57,14,30,434.0,13020.0,2021-10-25
2021102501011915,MKJC,47,14,10,434.5,4345.0,2021-10-25
2021102501011914,MKJC,42,14,10,439.2,4392.0,2021-10-25
2021102501011913,MKJC,42,14,10,439.5,4395.0,2021-10-25
2021102503021434,KSBBL,42,36,10,705.0,7050.0,2021-10-25
2021102503021433,KSBBL,42,58,40,705.0,28200.0,2021-10-25
2021102503021432,KSBBL,42,21,200,705.0,141000.0,2021-10-25
2021102503021431,KSBBL,42,58,10,702.0,7020.0,2021-10-25
2021102503021430,KSBBL,42,32,100,702.0,70200.0,2021-10-25
2021102503021429,KSBBL,42,13,100,702.0,70200.0,2021-10-25
2021102503021428,KSBBL,42,10,40,701.0,28040.0,2021-10-25
2021102503021427,NFS,42,33,166,572.0,94952.0,2021-10-25
2021102503021426,NFS,42,35,20,572.0,11440.0,2021-10-25
2021102503021425,NFS,42,48,40,572.0,22880.0,2021-10-25
2021102503021424,LBBL,25,58,30,518.1,15543.0,2021-10-25
2021102501011912,NBL,58,45,20,473.0,9460.0,2021-10-25
2021102504017376,UMRH,38,7,10,531.0,5310.0,2021-10-25
2021102504017375,UMRH,38,34,10,530.8,5308.0,2021-10-25
2021102503021423,GRDBL,34,49,10,391.0,3910.0,2021-10-25
2021102503021422,JBBL,57,41,252,496.0,124992.0,2021-10-25
2021102503021421,JBBL,57,41,50,496.0,24800.0,2021-10-25
2021102503021420,JBBL,42,41,180,497.0,89460.0,2021-10-25
2021102503021419,JBBL,21,41,18,497.0,8946.0,2021-10-25
2021102503021418,JLI,28,45,80,561.9,44952.0,2021-10-25
2021102503021417,JLI,28,34,30,561.8,16854.0,2021-10-25
2021102503021416,JLI,28,10,80,561.0,44880.0,2021-10-25
2021102503021415,JLI,28,35,60,561.0,33660.0,2021-10-25
2021102501011911,KBL,29,36,100,274.0,27400.0,2021-10-25
2021102501011910,MBL,14,34,60,322.0,19320.0,2021-10-25
2021102501011909,SANIMA,38,51,128,402.5,51520.0,2021-10-25
2021102501011908,SANIMA,32,51,20,402.5,8050.0,2021-10-25
2021102501011907,SANIMA,57,51,48,402.5,19320.0,2021-10-25
2021102501011906,SANIMA,39,51,20,402.6,8052.0,2021-10-25
2021102504017374,UPPER,45,38,10,609.0,6090.0,2021-10-25
2021102504017373,CHCL,57,57,20,595.2,11904.0,2021-10-25
2021102503021414,KSBBL,57,10,50,701.0,35050.0,2021-10-25
2021102503021413,FMDBL,5,50,10,938.0,9380.0,2021-10-25
2021102503021412,FMDBL,5,58,500,938.0,469000.0,2021-10-25
2021102503021411,FMDBL,5,10,150,931.0,139650.0,2021-10-25
2021102503021410,FMDBL,5,34,200,931.0,186200.0,2021-10-25
2021102503021409,FMDBL,5,58,500,931.0,465500.0,2021-10-25
2021102503021408,FMDBL,5,55,25,930.0,23250.0,2021-10-25
2021102503021407,FMDBL,5,11,100,930.0,93000.0,2021-10-25
2021102503021406,FMDBL,5,1,30,930.0,27900.0,2021-10-25
2021102503021405,FMDBL,5,8,100,929.0,92900.0,2021-10-25
2021102503021404,FMDBL,5,42,10,929.0,9290.0,2021-10-25
2021102503021403,FMDBL,5,49,10,928.0,9280.0,2021-10-25
2021102503021402,CBBL,34,17,30,1720.0,51600.0,2021-10-25
2021102503021401,SKBBL,41,52,50,1740.0,87000.0,2021-10-25
2021102501011905,PCBL,29,39,65,471.0,30615.0,2021-10-25
2021102501011904,PCBL,29,22,100,471.0,47100.0,2021-10-25
2021102501011903,PCBL,29,18,35,471.0,16485.0,2021-10-25
2021102503021400,GUFL,49,1,50,908.0,45400.0,2021-10-25
2021102501011902,HDL,38,16,10,6795.0,67950.0,2021-10-25
2021102505001953,JBLB,59,58,10,4460.0,44600.0,2021-10-25
2021102505001952,JBLB,59,45,10,4460.0,44600.0,2021-10-25
2021102505001951,JBLB,59,3,10,4460.0,44600.0,2021-10-25
2021102505001950,JBLB,59,41,10,4460.0,44600.0,2021-10-25
2021102505001949,JBLB,59,42,10,4457.0,44570.0,2021-10-25
2021102505001948,JBLB,59,58,10,4455.6,44556.0,2021-10-25
2021102505001947,JBLB,59,4,10,4450.0,44500.0,2021-10-25
2021102505001946,JBLB,59,35,10,4450.0,44500.0,2021-10-25
2021102505001945,JBLB,59,45,10,4450.0,44500.0,2021-10-25
2021102505001944,JBLB,59,22,10,4450.0,44500.0,2021-10-25
2021102505001943,JBLB,59,57,10,4450.0,44500.0,2021-10-25
2021102505001942,JBLB,59,4,10,4450.0,44500.0,2021-10-25
2021102505001941,JBLB,59,10,10,4450.0,44500.0,2021-10-25
2021102505001940,JBLB,59,25,10,4450.0,44500.0,2021-10-25
2021102505001939,JBLB,59,40,95,4450.0,422750.0,2021-10-25
2021102505001938,JBLB,59,58,10,4450.0,44500.0,2021-10-25
2021102505001937,JBLB,59,58,10,4450.0,44500.0,2021-10-25
2021102505001936,JBLB,59,58,10,4450.0,44500.0,2021-10-25
2021102505001935,JBLB,59,42,10,4450.0,44500.0,2021-10-25
2021102505001934,JBLB,59,35,10,4450.0,44500.0,2021-10-25
2021102505001933,JBLB,59,14,10,4450.0,44500.0,2021-10-25
2021102505001932,JBLB,59,19,10,4450.0,44500.0,2021-10-25
2021102503021399,HIDCL,20,32,50,321.0,16050.0,2021-10-25
2021102503021398,HIDCL,32,6,25,322.0,8050.0,2021-10-25
2021102503021397,HIDCL,32,1,20,321.9,6438.0,2021-10-25
2021102503021396,HIDCL,32,47,55,321.8,17699.0,2021-10-25
2021102504017372,AKPL,38,21,60,515.9,30954.0,2021-10-25
2021102501011901,CBL,58,58,50,238.5,11925.0,2021-10-25
2021102501011900,CBL,38,58,50,238.5,11925.0,2021-10-25
2021102503021395,MERO,38,43,20,1460.0,29200.0,2021-10-25
2021102503021394,MERO,52,43,10,1460.0,14600.0,2021-10-25
2021102501011899,NCCB,21,17,265,299.0,79235.0,2021-10-25
2021102501011898,SANIMA,4,32,55,403.0,22165.0,2021-10-25
2021102501011897,NICA,26,13,168,830.0,139440.0,2021-10-25
2021102501011896,NICA,34,13,80,830.1,66408.0,2021-10-25
2021102501011895,NICA,42,13,16,831.0,13296.0,2021-10-25
2021102501011894,BOKL,41,38,160,332.9,53264.0,2021-10-25
2021102504017371,BARUN,45,5,100,440.4,44040.0,2021-10-25
2021102501011893,NBL,58,45,730,473.0,345290.0,2021-10-25
2021102504017370,HPPL,45,51,100,446.6,44660.0,2021-10-25
2021102504017369,STC,57,38,10,6505.0,65050.0,2021-10-25
2021102503021393,JBBL,21,50,82,497.0,40754.0,2021-10-25
2021102503021392,NIFRA,41,58,162,346.0,56052.0,2021-10-25
2021102503021391,NIFRA,41,59,338,346.0,116948.0,2021-10-25
2021102503021390,RMDC,58,38,30,1550.0,46500.0,2021-10-25
2021102504017368,CGH,1,55,10,1315.0,13150.0,2021-10-25
2021102504017367,UMHL,25,47,100,464.5,46450.0,2021-10-25
2021102503021389,SADBL,8,46,200,370.7,74140.0,2021-10-25
2021102505001931,JBLB,13,58,5,4450.0,22250.0,2021-10-25
2021102505001930,JBLB,13,36,10,4450.0,44500.0,2021-10-25
2021102505001929,JBLB,13,6,10,4450.0,44500.0,2021-10-25
2021102505001928,JBLB,13,35,10,4450.0,44500.0,2021-10-25
2021102505001927,JBLB,13,58,10,4450.0,44500.0,2021-10-25
2021102505001926,JBLB,13,19,10,4450.0,44500.0,2021-10-25
2021102503021388,SMB,42,32,33,2620.0,86460.0,2021-10-25
2021102503021387,NSLB,10,34,120,1411.0,169320.0,2021-10-25
2021102503021386,ICFC,49,29,50,757.0,37850.0,2021-10-25
2021102505001925,SLI,50,51,10,527.3,5273.0,2021-10-25
2021102503021384,GFCL,32,3,25,684.4,17110.0,2021-10-25
2021102503021383,GFCL,32,7,60,683.5,41010.0,2021-10-25
2021102503021382,GFCL,32,38,175,683.0,119525.0,2021-10-25
2021102503021381,GFCL,32,21,100,683.0,68300.0,2021-10-25
2021102503021380,GFCL,32,34,50,683.0,34150.0,2021-10-25
2021102503021379,GFCL,32,34,10,683.0,6830.0,2021-10-25
2021102504017365,PICL,18,32,20,666.0,13320.0,2021-10-25
2021102503021378,GFCL,32,51,25,682.0,17050.0,2021-10-25
2021102503021377,RLI,21,5,20,498.0,9960.0,2021-10-25
2021102504017364,API,39,16,100,463.0,46300.0,2021-10-25
2021102504017363,API,39,14,1000,461.0,461000.0,2021-10-25
2021102504017362,API,39,41,3000,461.0,1383000.0,2021-10-25
2021102504017361,API,39,45,900,461.0,414900.0,2021-10-25
2021102504017360,UMHL,58,47,10,464.5,4645.0,2021-10-25
2021102504017359,SGI,16,3,10,568.0,5680.0,2021-10-25
2021102504017358,OHL,44,3,65,502.3,32649.5,2021-10-25
2021102504017357,OHL,58,3,50,502.3,25115.0,2021-10-25
2021102503021376,USLB,34,38,48,2059.0,98832.0,2021-10-25
2021102503021375,NUBL,29,35,932,1486.0,1384952.0,2021-10-25
2021102503021374,NUBL,34,35,18,1486.0,26748.0,2021-10-25
2021102503021373,NUBL,58,35,50,1486.1,74305.0,2021-10-25
2021102504017366,RURU,52,56,5,1020.0,5100.0,2021-10-25
2021102503021385,GFCL,32,36,54,685.0,36990.0,2021-10-25
2021102503021372,ACLBSL,38,58,20,1519.0,30380.0,2021-10-25
2021102504017356,PMHPL,14,46,70,309.0,21630.0,2021-10-25
2021102503021371,PLI,49,14,10,587.0,5870.0,2021-10-25
2021102504017355,GLH,14,43,10,433.5,4335.0,2021-10-25
2021102503021370,LBBL,42,34,10,520.0,5200.0,2021-10-25
2021102504017354,SBCF,54,49,1700,9.78,16626.0,2021-10-25
2021102504017353,SBCF,13,49,3300,9.78,32274.0,2021-10-25
2021102504017352,SICL,42,58,20,1721.0,34420.0,2021-10-25
2021102501011892,PRVU,20,26,477,390.0,186030.0,2021-10-25
2021102501011891,PRVU,20,14,23,390.0,8970.0,2021-10-25
2021102504017351,SGI,16,19,27,568.0,15336.0,2021-10-25
2021102504017350,SGI,16,49,252,568.0,143136.0,2021-10-25
2021102504017349,SGI,16,36,10,568.0,5680.0,2021-10-25
2021102504017348,PICL,55,48,62,669.0,41478.0,2021-10-25
2021102504017347,PICL,55,13,28,668.0,18704.0,2021-10-25
2021102504017346,PICL,55,45,10,667.0,6670.0,2021-10-25
2021102501011890,GBIME,58,54,10,385.0,3850.0,2021-10-25
2021102501011889,NABIL,43,11,35,1497.0,52395.0,2021-10-25
2021102503021369,SINDU,57,25,72,426.0,30672.0,2021-10-25
2021102501011888,GBIME,56,54,18,385.0,6930.0,2021-10-25
2021102501011887,KBL,14,36,246,274.0,67404.0,2021-10-25
2021102501011886,KBL,14,41,200,274.0,54800.0,2021-10-25
2021102501011885,KBL,14,49,20,274.0,5480.0,2021-10-25
2021102501011884,KBL,14,43,1000,274.0,274000.0,2021-10-25
2021102501011883,KBL,14,5,100,274.0,27400.0,2021-10-25
2021102501011882,KBL,14,13,34,274.0,9316.0,2021-10-25
2021102503021368,DDBL,14,54,10,1246.0,12460.0,2021-10-25
2021102503021367,DDBL,14,58,10,1246.0,12460.0,2021-10-25
2021102501011881,SBL,14,41,100,491.5,49150.0,2021-10-25
2021102505001924,MKLB,42,42,20,1709.0,34180.0,2021-10-25
2021102501011880,NBL,43,45,20,473.0,9460.0,2021-10-25
2021102504017345,AKPL,38,57,200,515.9,103180.0,2021-10-25
2021102504017344,JOSHI,16,57,30,325.0,9750.0,2021-10-25
2021102501011879,NBL,43,56,100,473.0,47300.0,2021-10-25
2021102503021366,KSBBL,38,53,68,700.0,47600.0,2021-10-25
2021102503021365,KSBBL,35,53,32,700.0,22400.0,2021-10-25
2021102501011878,MEGA,5,21,440,322.1,141724.0,2021-10-25
2021102501011877,MEGA,54,21,40,322.5,12900.0,2021-10-25
2021102501011876,CBL,58,58,20,239.0,4780.0,2021-10-25
2021102501011875,MBL,34,34,100,322.0,32200.0,2021-10-25
2021102503021364,NRIC,10,7,20,1270.0,25400.0,2021-10-25
2021102504017343,SHPC,16,28,10,403.0,4030.0,2021-10-25
2021102504017342,SHPC,38,28,200,403.0,80600.0,2021-10-25
2021102504017341,SHPC,19,28,100,403.0,40300.0,2021-10-25
2021102504017340,SHPC,45,28,3307,403.0,1332721.0,2021-10-25
2021102504017339,KKHC,6,40,50,322.0,16100.0,2021-10-25
2021102504017338,BPCL,35,11,200,498.0,99600.0,2021-10-25
2021102504017337,BPCL,50,11,50,498.0,24900.0,2021-10-25
2021102504017336,BPCL,42,11,200,498.0,99600.0,2021-10-25
2021102504017335,BPCL,21,11,70,498.0,34860.0,2021-10-25
2021102504017334,BPCL,47,11,25,498.0,12450.0,2021-10-25
2021102504017333,BPCL,34,11,90,498.0,44820.0,2021-10-25
2021102504017332,BPCL,45,11,100,498.0,49800.0,2021-10-25
2021102504017331,BPCL,52,11,15,498.0,7470.0,2021-10-25
2021102504017330,BPCL,45,1,100,499.0,49900.0,2021-10-25
2021102504017329,LGIL,34,49,233,655.0,152615.0,2021-10-25
2021102504017328,LGIL,43,49,100,655.0,65500.0,2021-10-25
2021102504017327,LGIL,45,49,50,655.0,32750.0,2021-10-25
2021102504017326,LGIL,52,49,80,655.0,52400.0,2021-10-25
2021102504017325,LGIL,4,49,88,655.2,57657.6,2021-10-25
2021102504017324,LGIL,41,49,20,657.0,13140.0,2021-10-25
2021102501011872,KBL,39,38,80,273.1,21848.0,2021-10-25
2021102501011871,KBL,35,38,20,273.5,5470.0,2021-10-25
2021102501011874,NABIL,4,11,15,1497.0,22455.0,2021-10-25
2021102501011873,NABIL,4,52,10,1497.0,14970.0,2021-10-25
2021102503021363,SLBBL,54,44,15,1570.0,23550.0,2021-10-25
2021102503021362,SLBBL,54,19,70,1570.0,109900.0,2021-10-25
2021102503021361,SLBBL,54,6,15,1570.0,23550.0,2021-10-25
2021102504017323,NIL,34,38,10,1275.0,12750.0,2021-10-25
2021102501011870,GBIME,35,54,80,385.0,30800.0,2021-10-25
2021102504017322,GLH,35,19,10,430.0,4300.0,2021-10-25
2021102503021360,KSBBL,40,10,10,701.0,7010.0,2021-10-25
2021102501011869,KBL,39,36,50,273.1,13655.0,2021-10-25
2021102501011868,EICPO,42,34,200,421.8,84360.0,2021-10-25
2021102501011867,EICPO,42,40,380,407.0,154660.0,2021-10-25
2021102503021359,NIFRA,45,59,100,346.0,34600.0,2021-10-25
2021102503021358,PROFL,11,58,213,412.0,87756.0,2021-10-25
2021102503021357,PROFL,34,58,643,412.0,264916.0,2021-10-25
2021102503021356,PROFL,4,58,29,412.2,11953.8,2021-10-25
2021102504017321,API,42,58,30,460.0,13800.0,2021-10-25
2021102503021355,PROFL,41,58,30,412.5,12375.0,2021-10-25
2021102503021354,PROFL,51,58,85,413.0,35105.0,2021-10-25
2021102503021353,PROFL,51,34,150,413.0,61950.0,2021-10-25
2021102504017320,NIL,1,20,27,1270.0,34290.0,2021-10-25
2021102503021352,MLBL,56,36,200,609.9,121980.0,2021-10-25
2021102501011866,NBB,21,29,30,405.0,12150.0,2021-10-25
2021102501011865,NBB,21,13,10,405.0,4050.0,2021-10-25
2021102501011864,NBB,21,48,62,405.0,25110.0,2021-10-25
2021102503021351,SABSL,41,39,20,2065.0,41300.0,2021-10-25
2021102505001923,ULI,57,47,25,595.0,14875.0,2021-10-25
2021102505001922,ULI,46,47,25,595.0,14875.0,2021-10-25
2021102503021350,GRDBL,32,34,300,388.0,116400.0,2021-10-25
2021102501011863,MBL,58,34,155,322.0,49910.0,2021-10-25
2021102503021349,GBBL,29,35,100,578.1,57810.0,2021-10-25
2021102504017319,NGPL,4,58,50,650.0,32500.0,2021-10-25
2021102504017318,RBCL,14,43,10,18309.0,183090.0,2021-10-25
2021102503021348,JFL,44,10,189,607.3,114779.7,2021-10-25
2021102503021347,JFL,59,10,75,607.4,45555.0,2021-10-25
2021102503021346,JFL,58,10,20,607.5,12150.0,2021-10-25
2021102503021345,JFL,35,10,20,608.0,12160.0,2021-10-25
2021102503021344,JFL,35,10,335,608.0,203680.0,2021-10-25
2021102503021343,JFL,59,10,361,609.0,219849.0,2021-10-25
2021102501011862,NABIL,29,45,36,1496.0,53856.0,2021-10-25
2021102501011861,NABIL,58,45,180,1496.0,269280.0,2021-10-25
2021102501011860,NABIL,48,45,264,1496.0,394944.0,2021-10-25
2021102503021342,MNBBL,49,34,25,694.9,17372.5,2021-10-25
2021102503021341,MNBBL,54,58,10,694.0,6940.0,2021-10-25
2021102504017317,NHPC,20,42,10,408.0,4080.0,2021-10-25
2021102504017316,CGH,1,38,20,1315.0,26300.0,2021-10-25
2021102504017315,SHPC,45,55,357,403.0,143871.0,2021-10-25
2021102503021340,SIFC,50,56,100,491.7,49170.0,2021-10-25
2021102501011859,NBB,34,48,35,405.0,14175.0,2021-10-25
2021102504017314,UMHL,38,36,50,464.0,23200.0,2021-10-25
2021102504017313,UMHL,38,57,370,464.0,171680.0,2021-10-25
2021102503021339,CBBL,38,17,10,1720.0,17200.0,2021-10-25
2021102503021338,SADBL,35,46,200,370.7,74140.0,2021-10-25
2021102504017312,UPCL,53,41,93,372.9,34679.7,2021-10-25
2021102504017311,UPCL,39,41,375,372.9,139837.5,2021-10-25
2021102504017310,UPCL,34,41,32,372.9,11932.8,2021-10-25
2021102504017309,UMRH,59,41,100,525.0,52500.0,2021-10-25
2021102504017308,API,42,43,311,460.0,143060.0,2021-10-25
2021102504017307,SICL,42,1,10,1721.0,17210.0,2021-10-25
2021102504017306,SICL,42,49,10,1721.0,17210.0,2021-10-25
2021102504017305,SICL,42,55,14,1721.0,24094.0,2021-10-25
2021102501011858,RBCLPO,29,38,70,14050.0,983500.0,2021-10-25
2021102504017304,RHPC,10,58,472,714.0,337008.0,2021-10-25
2021102504017303,RHPC,10,48,18,714.0,12852.0,2021-10-25
2021102504017302,RHPC,10,43,500,713.5,356750.0,2021-10-25
2021102504017301,RHPC,10,17,10,713.0,7130.0,2021-10-25
2021102504017300,TRH,49,4,30,364.0,10920.0,2021-10-25
2021102503021337,JLI,49,35,10,561.0,5610.0,2021-10-25
2021102503021336,CBBL,58,17,23,1720.0,39560.0,2021-10-25
2021102503021335,NICLBSL,48,33,100,1111.0,111100.0,2021-10-25
2021102503021334,NICLBSL,43,33,10,1111.0,11110.0,2021-10-25
2021102504017299,API,55,43,189,460.0,86940.0,2021-10-25
2021102504017298,API,55,34,61,460.0,28060.0,2021-10-25
2021102504017297,API,55,42,150,460.0,69000.0,2021-10-25
2021102504017296,API,55,41,500,460.0,230000.0,2021-10-25
2021102504017295,API,55,37,100,459.0,45900.0,2021-10-25
2021102501011857,PCBL,32,18,65,471.0,30615.0,2021-10-25
2021102501011856,PCBL,32,28,35,471.0,16485.0,2021-10-25
2021102503021333,MLBSL,8,32,10,5076.0,50760.0,2021-10-25
2021102501011855,PCBL,26,28,45,471.0,21195.0,2021-10-25
2021102503021332,MLBL,51,29,60,609.0,36540.0,2021-10-25
2021102503021331,PLI,49,36,86,587.0,50482.0,2021-10-25
2021102504017294,KKHC,57,40,95,322.0,30590.0,2021-10-25
2021102503021330,MLBL,51,55,20,609.0,12180.0,2021-10-25
2021102503021329,SLBBL,21,6,32,1570.0,50240.0,2021-10-25
2021102504017293,CHL,35,58,10,470.0,4700.0,2021-10-25
2021102504017292,KKHC,58,40,10,322.0,3220.0,2021-10-25
2021102505001921,MKLB,22,42,80,1709.0,136720.0,2021-10-25
2021102505001920,MKLB,22,46,10,1708.0,17080.0,2021-10-25
2021102505001919,MKLB,22,29,10,1706.0,17060.0,2021-10-25
2021102504017291,SHPC,45,43,25,403.0,10075.0,2021-10-25
2021102503021328,NIFRA,25,59,462,346.0,159852.0,2021-10-25
2021102503021327,NIFRA,25,58,60,346.0,20760.0,2021-10-25
2021102503021326,NIFRA,25,43,200,346.0,69200.0,2021-10-25
2021102503021325,NIFRA,25,29,100,346.0,34600.0,2021-10-25
2021102503021324,NIFRA,25,49,150,346.0,51900.0,2021-10-25
2021102503021323,NIFRA,25,36,28,345.9,9685.2,2021-10-25
2021102501011854,NBL,43,35,880,473.0,416240.0,2021-10-25
2021102503021322,GBBL,35,17,100,578.9,57890.0,2021-10-25
2021102501011853,NBL,21,35,80,473.0,37840.0,2021-10-25
2021102503021321,CFCL,17,35,20,521.4,10428.0,2021-10-25
2021102501011852,NBL,50,35,40,473.0,18920.0,2021-10-25
2021102504017290,RADHI,19,49,10,594.0,5940.0,2021-10-25
2021102504017289,RADHI,17,49,90,594.0,53460.0,2021-10-25
2021102501011851,GBIME,22,54,25,385.0,9625.0,2021-10-25
2021102503021320,NLIC,59,22,50,1696.0,84800.0,2021-10-25
2021102505001918,SLI,50,4,50,527.3,26365.0,2021-10-25
2021102505001917,SLI,50,58,10,527.0,5270.0,2021-10-25
2021102503021319,GRDBL,32,50,75,388.0,29100.0,2021-10-25
2021102501011850,NCCB,21,7,100,299.0,29900.0,2021-10-25
2021102503021318,JFL,21,59,100,609.9,60990.0,2021-10-25
2021102501011849,NCCB,21,32,200,299.0,59800.0,2021-10-25
2021102503021317,JFL,21,59,100,609.9,60990.0,2021-10-25
2021102503021316,EDBL,43,33,100,580.0,58000.0,2021-10-25
2021102501011848,SBL,4,41,20,491.5,9830.0,2021-10-25
2021102503021315,CLBSL,4,54,10,1350.0,13500.0,2021-10-25
2021102504017288,GIC,25,34,15,550.0,8250.0,2021-10-25
2021102504017287,TRH,45,4,20,364.0,7280.0,2021-10-25
2021102503021314,PLIC,39,1,100,842.0,84200.0,2021-10-25
2021102503021313,RLFL,32,41,20,560.0,11200.0,2021-10-25
2021102504017286,BPCL,21,1,150,499.0,74850.0,2021-10-25
2021102503021312,SIFC,59,58,190,491.1,93309.0,2021-10-25
2021102503021311,SIFC,42,58,10,491.6,4916.0,2021-10-25
2021102503021310,DDBL,49,3,85,1245.0,105825.0,2021-10-25
2021102503021309,DDBL,56,3,15,1245.0,18675.0,2021-10-25
2021102504017285,SHPC,45,34,100,403.0,40300.0,2021-10-25
2021102501011847,CZBIL,38,42,100,301.0,30100.0,2021-10-25
2021102501011846,CZBIL,38,52,17,301.0,5117.0,2021-10-25
2021102503021308,SAPDBL,38,39,200,364.0,72800.0,2021-10-25
2021102503021307,SAPDBL,38,25,50,364.0,18200.0,2021-10-25
2021102501011845,CZBIL,38,57,300,301.0,90300.0,2021-10-25
2021102503021306,SAPDBL,38,34,50,363.0,18150.0,2021-10-25
2021102505001916,JBLB,13,19,10,4450.0,44500.0,2021-10-25
2021102505001915,JBLB,13,20,10,4450.0,44500.0,2021-10-25
2021102505001914,JBLB,13,20,10,4450.0,44500.0,2021-10-25
2021102505001913,JBLB,13,41,10,4450.0,44500.0,2021-10-25
2021102505001912,JBLB,13,35,10,4449.0,44490.0,2021-10-25
2021102504017284,GHL,13,52,17,330.0,5610.0,2021-10-25
2021102505001911,JBLB,13,34,40,4449.0,177960.0,2021-10-25
2021102504017283,GHL,13,34,30,329.9,9897.0,2021-10-25
2021102505001910,JBLB,13,36,10,4448.0,44480.0,2021-10-25
2021102504017282,SJCL,17,13,10,373.0,3730.0,2021-10-25
2021102504017281,JOSHI,17,57,55,325.0,17875.0,2021-10-25
2021102504017280,JOSHI,17,43,25,325.0,8125.0,2021-10-25
2021102503021305,GUFL,28,11,100,919.0,91900.0,2021-10-25
2021102503021304,GUFL,28,48,900,919.0,827100.0,2021-10-25
2021102503021303,GUFL,28,6,100,918.0,91800.0,2021-10-25
2021102503021302,GUFL,28,38,500,917.9,458950.0,2021-10-25
2021102501011844,CZBIL,45,36,2484,300.0,745200.0,2021-10-25
2021102501011843,CZBIL,41,36,16,300.1,4801.6,2021-10-25
2021102503021301,ICFC,33,45,100,755.0,75500.0,2021-10-25
2021102504017279,SHPC,45,45,873,403.0,351819.0,2021-10-25
2021102501011842,PRVU,45,14,27,390.0,10530.0,2021-10-25
2021102503021300,ICFC,54,45,100,755.1,75510.0,2021-10-25
2021102501011841,PRVU,45,22,19,390.0,7410.0,2021-10-25
2021102504017278,SHPC,59,45,127,403.1,51193.7,2021-10-25
2021102501011840,PRVU,45,57,54,390.0,21060.0,2021-10-25
2021102501011839,NBL,49,34,20,473.1,9462.0,2021-10-25
2021102501011838,NICA,42,49,20,831.0,16620.0,2021-10-25
2021102501011837,NICA,43,49,50,833.0,41650.0,2021-10-25
2021102504017277,RHPL,57,21,150,374.0,56100.0,2021-10-25
2021102501011836,PRVU,58,57,40,390.0,15600.0,2021-10-25
2021102504017276,CHL,35,25,10,470.0,4700.0,2021-10-25
2021102503021299,SINDU,57,46,10,426.0,4260.0,2021-10-25
2021102504017275,SICL,42,35,20,1717.0,34340.0,2021-10-25
2021102504017274,SICL,25,35,50,1717.0,85850.0,2021-10-25
2021102504017273,SICL,58,35,10,1717.0,17170.0,2021-10-25
2021102504017272,SICL,45,35,100,1718.0,171800.0,2021-10-25
2021102504017271,SICL,42,35,100,1718.0,171800.0,2021-10-25
2021102503021298,MNBBL,54,35,200,694.0,138800.0,2021-10-25
2021102501011835,SBI,14,17,100,350.0,35000.0,2021-10-25
2021102504017270,HGI,45,41,17,644.9,10963.3,2021-10-25
2021102504017269,OHL,45,47,400,503.0,201200.0,2021-10-25
2021102501011834,SHIVM,35,45,45,1314.0,59130.0,2021-10-25
2021102503021297,SADBL,1,46,100,370.7,37070.0,2021-10-25
2021102501011833,MEGA,5,58,60,322.1,19326.0,2021-10-25
2021102503021296,SMFBS,22,43,20,2670.0,53400.0,2021-10-25
2021102503021295,SLICL,38,47,237,785.0,186045.0,2021-10-25
2021102503021294,SLICL,38,22,100,785.0,78500.0,2021-10-25
2021102503021293,SLICL,38,41,75,785.0,58875.0,2021-10-25
2021102503021292,SINDU,57,46,10,426.0,4260.0,2021-10-25
2021102503021291,NIFRA,19,55,60,345.1,20706.0,2021-10-25
2021102504017268,PMHPL,57,46,100,309.0,30900.0,2021-10-25
2021102503021290,JBBL,46,14,100,498.0,49800.0,2021-10-25
2021102504017267,PMHPL,45,46,20,309.9,6198.0,2021-10-25
2021102501011832,NBB,32,48,100,405.0,40500.0,2021-10-25
2021102504017266,SHPC,59,35,173,403.1,69736.3,2021-10-25
2021102503021289,NLICL,42,7,200,960.0,192000.0,2021-10-25
2021102501011831,EICPO,43,40,10,407.0,4070.0,2021-10-25
2021102503021288,MLBL,52,36,200,609.9,121980.0,2021-10-25
2021102504017265,GIMES1,4,4,1000,21.0,21000.0,2021-10-25
2021102504017264,NIL,1,11,30,1270.0,38100.0,2021-10-25
2021102503021287,SFCL,11,58,100,481.0,48100.0,2021-10-25
2021102501011830,MKJC,42,14,10,440.0,4400.0,2021-10-25
2021102501011829,GBIME,4,38,100,384.7,38470.0,2021-10-25
2021102504017263,CMF1,21,16,1500,10.1,15150.0,2021-10-25
2021102503021286,CIT,22,49,10,3364.0,33640.0,2021-10-25
2021102505001909,MKLB,14,34,30,1700.0,51000.0,2021-10-25
2021102503021285,KSBBL,35,7,100,700.0,70000.0,2021-10-25
2021102504017262,CGH,48,55,350,1315.0,460250.0,2021-10-25
2021102504017261,CGH,48,41,40,1315.0,52600.0,2021-10-25
2021102504017260,HURJA,45,59,30,430.0,12900.0,2021-10-25
2021102504017259,HURJA,58,59,100,430.0,43000.0,2021-10-25
2021102504017258,HURJA,32,59,270,431.0,116370.0,2021-10-25
2021102501011827,NABIL,29,34,64,1496.0,95744.0,2021-10-25
2021102504017256,SHPC,45,13,825,403.0,332475.0,2021-10-25
2021102501011826,PRVU,50,6,100,389.1,38910.0,2021-10-25
2021102503021283,KSBBL,35,25,200,700.0,140000.0,2021-10-25
2021102503021282,KSBBL,35,58,600,700.0,420000.0,2021-10-25
2021102503021281,KSBBL,35,57,100,700.0,70000.0,2021-10-25
2021102503021280,KSBBL,35,56,20,700.0,14000.0,2021-10-25
2021102503021279,KSBBL,35,38,100,700.0,70000.0,2021-10-25
2021102503021278,KSBBL,35,37,20,700.0,14000.0,2021-10-25
2021102503021277,KSBBL,35,48,10,700.0,7000.0,2021-10-25
2021102503021276,KSBBL,35,25,30,700.0,21000.0,2021-10-25
2021102503021275,KSBBL,35,19,100,700.0,70000.0,2021-10-25
2021102503021274,KSBBL,35,19,100,700.0,70000.0,2021-10-25
2021102503021273,KSBBL,35,35,150,700.0,105000.0,2021-10-25
2021102503021272,KSBBL,35,58,50,700.0,35000.0,2021-10-25
2021102503021271,KSBBL,35,4,50,700.0,35000.0,2021-10-25
2021102501011825,NICA,42,35,14,831.0,11634.0,2021-10-25
2021102503021270,KSBBL,35,47,100,700.0,70000.0,2021-10-25
2021102501011824,NICA,29,35,10,831.2,8312.0,2021-10-25
2021102503021269,KSBBL,35,58,30,700.0,21000.0,2021-10-25
2021102501011823,NICA,26,35,10,832.0,8320.0,2021-10-25
2021102503021268,KSBBL,35,46,10,700.0,7000.0,2021-10-25
2021102503021284,KSBBL,35,39,198,700.0,138600.0,2021-10-25
2021102504017257,UMHL,58,57,10,464.0,4640.0,2021-10-25
2021102501011828,NABIL,48,34,36,1496.0,53856.0,2021-10-25
2021102504017255,CHCL,58,10,187,595.0,111265.0,2021-10-25
2021102504017254,CHCL,38,10,13,595.1,7736.3,2021-10-25
2021102503021267,LBBL,59,22,50,518.0,25900.0,2021-10-25
2021102503021266,SKBBL,47,53,50,1740.0,87000.0,2021-10-25
2021102503021265,KMCDB,49,34,100,1216.1,121610.0,2021-10-25
2021102503021264,KMCDB,41,34,120,1217.0,146040.0,2021-10-25
2021102504017253,PIC,26,56,25,1021.0,25525.0,2021-10-25
2021102504017252,PIC,26,33,10,1021.0,10210.0,2021-10-25
2021102501011822,NBB,1,48,197,405.0,79785.0,2021-10-25
2021102503021263,DDBL,58,57,26,1246.0,32396.0,2021-10-25
2021102505001908,ULI,46,57,100,595.0,59500.0,2021-10-25
2021102504017251,SAEF,7,8,6326,12.86,81352.36,2021-10-25
2021102504017250,SAEF,7,8,1674,12.86,21527.64,2021-10-25
2021102503021262,PROFL,41,59,50,412.5,20625.0,2021-10-25
2021102504017249,NHPC,39,14,10,405.0,4050.0,2021-10-25
2021102503021261,GBBL,48,3,10,578.0,5780.0,2021-10-25
2021102503021260,NRN,44,43,100,628.0,62800.0,2021-10-25
2021102504017248,GIC,4,34,200,550.0,110000.0,2021-10-25
2021102503021259,SIFC,6,56,10,491.7,4917.0,2021-10-25
2021102503021258,SIFC,33,56,53,491.7,26060.1,2021-10-25
2021102501011821,CCBL,35,42,66,235.0,15510.0,2021-10-25
2021102501011820,CCBL,35,57,231,235.0,54285.0,2021-10-25
2021102501011819,CCBL,35,26,500,235.0,117500.0,2021-10-25
2021102501011818,CCBL,35,32,600,235.0,141000.0,2021-10-25
2021102501011817,CCBL,35,35,200,235.0,47000.0,2021-10-25
2021102501011816,CCBL,35,50,103,235.0,24205.0,2021-10-25
2021102501011815,CCBL,35,55,200,235.0,47000.0,2021-10-25
2021102501011814,CCBL,35,28,2800,235.0,658000.0,2021-10-25
2021102501011813,CCBL,35,47,12,235.0,2820.0,2021-10-25
2021102501011812,CCBL,35,28,200,235.0,47000.0,2021-10-25
2021102501011811,CCBL,35,58,100,235.0,23500.0,2021-10-25
2021102501011810,CCBL,35,29,655,235.0,153925.0,2021-10-25
2021102501011809,CCBL,35,16,209,234.6,49031.4,2021-10-25
2021102501011808,CCBL,35,39,200,234.5,46900.0,2021-10-25
2021102501011807,CCBL,35,3,200,234.5,46900.0,2021-10-25
2021102501011806,CCBL,35,45,10,234.5,2345.0,2021-10-25
2021102501011805,CCBL,35,51,300,234.0,70200.0,2021-10-25
2021102501011804,CCBL,35,22,100,234.0,23400.0,2021-10-25
2021102501011803,CCBL,35,50,722,234.0,168948.0,2021-10-25
2021102503021257,KSBBL,35,46,35,700.0,24500.0,2021-10-25
2021102503021256,MDB,36,7,20,613.0,12260.0,2021-10-25
2021102501011802,KBL,49,13,40,274.0,10960.0,2021-10-25
2021102503021255,MERO,11,48,90,1452.0,130680.0,2021-10-25
2021102503021254,MERO,32,48,10,1460.0,14600.0,2021-10-25
2021102501011801,NBL,50,35,60,473.0,28380.0,2021-10-25
2021102503021253,JSLBB,33,56,10,3397.9,33979.0,2021-10-25
2021102503021252,KSBBL,33,46,400,700.0,280000.0,2021-10-25
2021102504017247,UMHL,14,57,120,464.0,55680.0,2021-10-25
2021102504017246,UMHL,14,36,30,464.0,13920.0,2021-10-25
2021102503021251,CBBL,14,17,10,1720.0,17200.0,2021-10-25
2021102501011800,GBIME,45,54,100,385.0,38500.0,2021-10-25
2021102503021250,SLICL,58,41,15,785.0,11775.0,2021-10-25
2021102503021249,MERO,58,45,10,1464.0,14640.0,2021-10-25
2021102503021248,MERO,58,40,10,1460.0,14600.0,2021-10-25
2021102503021247,MLBL,51,58,11,609.0,6699.0,2021-10-25
2021102503021246,MLBL,38,58,160,609.0,97440.0,2021-10-25
2021102504017245,CHL,35,34,64,470.0,30080.0,2021-10-25
2021102504017244,GLH,35,7,10,430.0,4300.0,2021-10-25
2021102504017243,UMHL,35,43,200,463.0,92600.0,2021-10-25
2021102501011799,NABIL,29,4,110,1496.0,164560.0,2021-10-25
2021102501011798,CCBL,25,50,378,234.0,88452.0,2021-10-25
2021102501011797,CCBL,25,40,122,234.0,28548.0,2021-10-25
2021102504017242,SHEL,11,6,10,426.0,4260.0,2021-10-25
2021102501011796,NBB,45,48,50,405.0,20250.0,2021-10-25
2021102503021245,MLBL,35,58,10,610.0,6100.0,2021-10-25
2021102503021244,KSBBL,40,51,220,698.0,153560.0,2021-10-25
2021102501011795,PCBL,57,28,10,471.0,4710.0,2021-10-25
2021102503021243,KSBBL,57,51,80,699.9,55992.0,2021-10-25
2021102504017241,SHEL,33,34,16,427.9,6846.4,2021-10-25
2021102504017240,RHPL,58,21,50,374.0,18700.0,2021-10-25
2021102503021242,SAPDBL,47,34,50,363.0,18150.0,2021-10-25
2021102503021241,CLBSL,4,39,1088,1330.0,1447040.0,2021-10-25
2021102503021240,MLBL,38,4,200,609.0,121800.0,2021-10-25
2021102503021239,NIFRA,57,28,50,345.0,17250.0,2021-10-25
2021102501011794,HDL,44,25,15,6795.0,101925.0,2021-10-25
2021102501011793,CCBL,3,45,20,233.3,4666.0,2021-10-25
2021102501011792,PRVU,42,57,26,390.0,10140.0,2021-10-25
2021102501011791,PRVU,42,21,133,390.0,51870.0,2021-10-25
2021102501011790,PRVU,42,41,100,390.0,39000.0,2021-10-25
2021102501011789,PRVU,42,55,16,390.0,6240.0,2021-10-25
2021102501011788,PRVU,42,34,20,390.0,7800.0,2021-10-25
2021102503021238,ALBSL,49,56,100,1769.0,176900.0,2021-10-25
2021102504017239,NGPL,47,58,400,650.0,260000.0,2021-10-25
2021102501011787,PRVU,47,57,50,389.5,19475.0,2021-10-25
2021102503021237,NIFRA,57,36,10,345.9,3459.0,2021-10-25
2021102505001907,ULI,46,46,10,595.0,5950.0,2021-10-25
2021102504017238,NICBF,43,13,3000,10.72,32160.0,2021-10-25
2021102504017237,UPPER,45,26,50,609.0,30450.0,2021-10-25
2021102503021236,MLBL,26,58,10,610.0,6100.0,2021-10-25
2021102503021235,GUFL,39,17,328,907.0,297496.0,2021-10-25
2021102503021234,GUFL,47,17,172,908.0,156176.0,2021-10-25
2021102501011786,LBL,14,35,43,325.0,13975.0,2021-10-25
2021102503021233,JFL,35,6,10,608.0,6080.0,2021-10-25
2021102503021232,JFL,37,6,170,608.0,103360.0,2021-10-25
2021102503021231,JFL,11,6,120,608.5,73020.0,2021-10-25
2021102503021230,MFIL,1,35,20,1099.9,21998.0,2021-10-25
2021102503021229,MERO,54,48,300,1452.0,435600.0,2021-10-25
2021102505001906,SLI,50,4,50,527.3,26365.0,2021-10-25
2021102501011785,CZBIL,41,52,100,301.0,30100.0,2021-10-25
2021102501011784,SANIMA,39,32,150,403.0,60450.0,2021-10-25
2021102501011783,SANIMA,39,51,50,402.8,20140.0,2021-10-25
2021102503021228,SHINE,25,53,40,471.0,18840.0,2021-10-25
2021102503021227,SHINE,18,53,10,472.0,4720.0,2021-10-25
2021102504017236,MHNL,34,34,543,401.5,218014.5,2021-10-25
2021102504017235,RHPC,10,58,520,709.0,368680.0,2021-10-25
2021102504017234,RHPC,29,58,56,712.0,39872.0,2021-10-25
2021102501011782,PRVU,58,34,30,390.0,11700.0,2021-10-25
2021102504017233,API,58,48,7,458.0,3206.0,2021-10-25
2021102504017232,API,58,37,70,458.0,32060.0,2021-10-25
2021102503021226,NIFRA,57,11,50,345.0,17250.0,2021-10-25
2021102503021225,LICN,25,3,10,1945.0,19450.0,2021-10-25
2021102503021224,LICN,25,49,10,1939.0,19390.0,2021-10-25
2021102501011781,GBIME,36,54,124,385.0,47740.0,2021-10-25
2021102501011780,GBIME,36,44,42,384.7,16157.4,2021-10-25
2021102501011779,GBIME,36,48,34,384.7,13079.8,2021-10-25
2021102503021223,MFIL,45,35,30,1100.0,33000.0,2021-10-25
2021102501011778,HDL,44,33,10,6795.0,67950.0,2021-10-25
2021102503021222,CLBSL,41,6,30,1329.1,39873.0,2021-10-25
2021102503021221,CLBSL,50,6,50,1329.5,66475.0,2021-10-25
2021102503021220,GRDBL,19,19,23,387.9,8921.7,2021-10-25
2021102503021219,GRDBL,38,19,177,387.9,68658.3,2021-10-25
2021102503021218,SLBBL,25,6,170,1570.0,266900.0,2021-10-25
2021102504017231,MEN,42,45,200,1227.0,245400.0,2021-10-25
2021102503021217,MPFL,45,36,30,501.6,15048.0,2021-10-25
2021102504017230,GLH,35,17,10,430.0,4300.0,2021-10-25
2021102504017229,GLH,35,8,10,430.0,4300.0,2021-10-25
2021102504017228,GLH,35,19,400,430.0,172000.0,2021-10-25
2021102504017227,GLH,35,34,50,429.9,21495.0,2021-10-25
2021102504017226,GLH,35,57,20,429.9,8598.0,2021-10-25
2021102504017225,GLH,35,45,33,429.0,14157.0,2021-10-25
2021102504017224,GLH,35,17,360,422.0,151920.0,2021-10-25
2021102505001905,JBLB,48,40,10,4448.0,44480.0,2021-10-25
2021102503021216,NRIC,58,52,106,1280.0,135680.0,2021-10-25
2021102503021215,NRIC,58,54,10,1280.0,12800.0,2021-10-25
2021102503021214,NRIC,58,56,40,1279.9,51196.0,2021-10-25
2021102503021213,NRIC,58,25,20,1279.9,25598.0,2021-10-25
2021102503021212,NRIC,58,35,150,1279.9,191985.0,2021-10-25
2021102503021211,NRIC,58,58,124,1279.0,158596.0,2021-10-25
2021102503021210,NRIC,58,57,40,1279.0,51160.0,2021-10-25
2021102503021209,NRIC,58,36,10,1275.0,12750.0,2021-10-25
2021102504017223,PRIN,38,52,208,788.0,163904.0,2021-10-25
2021102504017222,PRIN,38,39,47,785.0,36895.0,2021-10-25
2021102504017221,PRIN,38,5,60,783.0,46980.0,2021-10-25
2021102503021208,FOWAD,38,14,16,2801.0,44816.0,2021-10-25
2021102504017220,PRIN,38,45,185,782.0,144670.0,2021-10-25
2021102503021207,USLB,32,10,10,2059.0,20590.0,2021-10-25
2021102501011777,NMB,39,29,90,403.0,36270.0,2021-10-25
2021102501011776,GBIME,7,48,30,384.7,11541.0,2021-10-25
2021102504017219,AKPL,53,11,100,515.8,51580.0,2021-10-25
2021102504017218,BPCL,25,1,50,499.0,24950.0,2021-10-25
2021102504017217,BPCL,57,1,20,499.0,9980.0,2021-10-25
2021102501011775,SHIVM,35,32,50,1314.0,65700.0,2021-10-25
2021102501011774,HDL,38,14,10,6800.0,68000.0,2021-10-25
2021102503021206,SHINE,18,42,100,472.0,47200.0,2021-10-25
2021102503021205,SKBBL,47,53,40,1740.0,69600.0,2021-10-25
2021102503021204,SKBBL,57,53,10,1740.0,17400.0,2021-10-25
2021102504017216,PICL,18,3,100,666.0,66600.0,2021-10-25
2021102503021203,JBBL,29,22,60,495.5,29730.0,2021-10-25
2021102503021202,JBBL,59,22,100,495.5,49550.0,2021-10-25
2021102503021201,JBBL,50,22,300,496.0,148800.0,2021-10-25
2021102503021200,JBBL,39,22,40,497.0,19880.0,2021-10-25
2021102503021199,HIDCL,41,47,400,321.9,128760.0,2021-10-25
2021102503021198,HIDCL,49,47,45,321.9,14485.5,2021-10-25
2021102504017215,SJCL,58,13,70,373.0,26110.0,2021-10-25
2021102503021197,CBBL,16,17,50,1720.0,86000.0,2021-10-25
2021102503021196,CBBL,28,17,49,1720.0,84280.0,2021-10-25
2021102503021195,CBBL,59,17,100,1720.0,172000.0,2021-10-25
2021102503021194,CBBL,49,17,35,1720.0,60200.0,2021-10-25
2021102503021193,CBBL,21,17,30,1720.0,51600.0,2021-10-25
2021102503021192,CBBL,38,17,35,1720.0,60200.0,2021-10-25
2021102503021191,CBBL,49,17,40,1720.5,68820.0,2021-10-25
2021102503021190,NTC,6,49,10,1170.0,11700.0,2021-10-25
2021102503021189,NTC,6,39,20,1168.0,23360.0,2021-10-25
2021102503021188,MLBL,6,58,60,610.0,36600.0,2021-10-25
2021102504017214,EIC,44,36,300,648.0,194400.0,2021-10-25
2021102504017213,EIC,25,36,36,648.0,23328.0,2021-10-25
2021102505001904,ULI,46,45,10,595.0,5950.0,2021-10-25
2021102503021187,ALBSL,49,56,100,1768.0,176800.0,2021-10-25
2021102505001903,JBLB,48,33,10,4448.0,44480.0,2021-10-25
2021102503021186,SINDU,51,32,100,426.0,42600.0,2021-10-25
2021102503021185,SLBBL,21,41,35,1566.4,54824.0,2021-10-25
2021102503021184,CLBSL,32,39,75,1330.0,99750.0,2021-10-25
2021102504017212,BARUN,21,5,300,440.4,132120.0,2021-10-25
2021102504017211,RHPL,58,43,150,374.0,56100.0,2021-10-25
2021102504017210,BPCL,56,47,396,499.0,197604.0,2021-10-25
2021102501011773,PRVU,47,37,50,389.5,19475.0,2021-10-25
2021102504017209,BPCL,44,47,25,499.0,12475.0,2021-10-25
2021102503021183,RLFL,6,41,107,560.0,59920.0,2021-10-25
2021102503021182,RLFL,6,4,118,560.0,66080.0,2021-10-25
2021102503021181,SIFC,33,56,47,491.7,23109.9,2021-10-25
2021102503021180,SIFC,21,56,2000,491.7,983400.0,2021-10-25
2021102503021179,SIFC,55,56,953,491.7,468590.1,2021-10-25
2021102503021178,NTC,4,52,20,1166.0,23320.0,2021-10-25
2021102501011772,ADBL,42,38,50,512.5,25625.0,2021-10-25
2021102504017208,CHL,35,49,100,470.0,47000.0,2021-10-25
2021102504017207,API,58,45,23,458.0,10534.0,2021-10-25
2021102501011771,NBL,35,58,40,472.0,18880.0,2021-10-25
2021102501011770,NABIL,29,58,14,1496.0,20944.0,2021-10-25
2021102501011769,NABIL,29,52,10,1496.0,14960.0,2021-10-25
2021102501011768,NABIL,29,13,102,1496.0,152592.0,2021-10-25
2021102503021177,MLBL,38,56,140,609.0,85260.0,2021-10-25
2021102503021176,SHINE,25,22,50,471.0,23550.0,2021-10-25
2021102501011767,NBL,6,58,10,472.0,4720.0,2021-10-25
2021102501011766,NBL,7,58,50,472.0,23600.0,2021-10-25
2021102501011765,CCBL,4,40,80,234.0,18720.0,2021-10-25
2021102501011764,CCBL,4,29,20,234.0,4680.0,2021-10-25
2021102504017206,SHL,41,46,100,229.4,22940.0,2021-10-25
2021102503021175,LICN,25,5,10,1940.0,19400.0,2021-10-25
2021102501011763,NBB,25,48,556,405.0,225180.0,2021-10-25
2021102503021174,LICN,25,3,88,1940.0,170720.0,2021-10-25
2021102501011762,NBB,25,32,200,405.0,81000.0,2021-10-25
2021102503021173,LICN,25,48,20,1939.9,38798.0,2021-10-25
2021102501011761,NBB,25,25,3000,405.0,1215000.0,2021-10-25
2021102503021172,LICN,25,8,25,1939.8,48495.0,2021-10-25
2021102501011760,NBB,25,35,20,405.0,8100.0,2021-10-25
2021102503021171,LICN,25,6,500,1939.0,969500.0,2021-10-25
2021102501011759,NBB,25,25,224,405.0,90720.0,2021-10-25
2021102501011758,NABIL,40,13,150,1496.0,224400.0,2021-10-25
2021102501011757,MKJC,57,21,10,434.0,4340.0,2021-10-25
2021102503021170,GBLBS,42,45,15,995.0,14925.0,2021-10-25
2021102504017205,AKPL,14,45,198,515.0,101970.0,2021-10-25
2021102504017204,AKPL,26,45,374,515.0,192610.0,2021-10-25
2021102504017203,AKPL,32,45,100,515.9,51590.0,2021-10-25
2021102504017202,AKPL,58,45,35,515.9,18056.5,2021-10-25
2021102504017201,AKPL,38,45,293,515.9,151158.7,2021-10-25
2021102503021169,KMCDB,35,57,355,1220.0,433100.0,2021-10-25
