contract,symbol,buyer,seller,qty,rate,amt,date
2021102603029447,NTC,58,51,70,1179.9,82593.0,2021-10-26
2021102603029446,NTC,58,8,50,1179.4,58970.0,2021-10-26
2021102603029445,NTC,58,10,472,1179.4,556676.8,2021-10-26
2021102603029444,NTC,58,32,20,1177.0,23540.0,2021-10-26
2021102603029443,NTC,58,5,290,1177.0,341330.0,2021-10-26
2021102603029442,NTC,58,32,200,1176.0,235200.0,2021-10-26
2021102603029441,NTC,58,58,200,1176.0,235200.0,2021-10-26
2021102603029440,NTC,58,10,500,1176.0,588000.0,2021-10-26
2021102603029439,NTC,58,58,40,1175.0,47000.0,2021-10-26
2021102603029438,NTC,58,29,200,1175.0,235000.0,2021-10-26
2021102603029437,NTC,58,41,20,1175.0,23500.0,2021-10-26
2021102603029436,NTC,58,7,40,1175.0,47000.0,2021-10-26
2021102601016978,SHIVM,58,54,15,1387.0,20805.0,2021-10-26
2021102601016977,SHIVM,58,45,40,1387.0,55480.0,2021-10-26
2021102603029435,NTC,58,25,40,1175.0,47000.0,2021-10-26
2021102601016976,SHIVM,58,17,20,1387.0,27740.0,2021-10-26
2021102603029434,NTC,58,11,10,1173.0,11730.0,2021-10-26
2021102604024112,RRHP,58,55,200,510.0,102000.0,2021-10-26
2021102601016975,SHIVM,58,45,25,1386.9,34672.5,2021-10-26
2021102603029433,NTC,58,4,50,1173.0,58650.0,2021-10-26
2021102603029432,SDLBSL,48,48,22,1355.0,29810.0,2021-10-26
2021102604024111,API,45,58,20,467.0,9340.0,2021-10-26
2021102604024116,SICL,33,49,190,1794.0,340860.0,2021-10-26
2021102604024115,SICL,33,13,20,1793.0,35860.0,2021-10-26
2021102603029457,MNBBL,33,50,24,716.9,17205.6,2021-10-26
2021102603029456,MNBBL,33,34,76,716.8,54476.8,2021-10-26
2021102604024114,HPPL,42,33,10,489.0,4890.0,2021-10-26
2021102603029455,KSBBL,11,47,100,719.0,71900.0,2021-10-26
2021102604024113,RRHP,38,55,10,510.0,5100.0,2021-10-26
2021102603029454,KSBBL,11,47,10,719.0,7190.0,2021-10-26
2021102603029453,FMDBL,36,58,21,980.2,20584.2,2021-10-26
2021102603029452,MNBBL,58,34,24,716.8,17203.2,2021-10-26
2021102603029451,MNBBL,58,8,26,716.8,18636.8,2021-10-26
2021102603029450,NTC,58,44,23,1180.0,27140.0,2021-10-26
2021102603029449,NTC,58,32,175,1180.0,206500.0,2021-10-26
2021102603029448,NTC,58,49,100,1180.0,118000.0,2021-10-26
2021102603029431,MERO,38,55,25,1482.0,37050.0,2021-10-26
2021102603029430,MERO,43,55,25,1482.1,37052.5,2021-10-26
2021102603029429,NRN,13,55,100,670.0,67000.0,2021-10-26
2021102601016974,NABIL,44,17,104,1569.0,163176.0,2021-10-26
2021102601016973,NABIL,57,17,50,1569.2,78460.0,2021-10-26
2021102601016972,NABIL,32,17,20,1569.2,31384.0,2021-10-26
2021102601016971,NABIL,17,17,100,1569.2,156920.0,2021-10-26
2021102601016970,NABIL,29,17,26,1569.2,40799.2,2021-10-26
2021102601016969,NICA,20,53,430,837.0,359910.0,2021-10-26
2021102601016968,NICA,20,44,20,837.0,16740.0,2021-10-26
2021102601016967,NICA,20,38,100,836.0,83600.0,2021-10-26
2021102601016966,NICA,20,34,104,836.0,86944.0,2021-10-26
2021102601016965,NICA,20,16,284,836.0,237424.0,2021-10-26
2021102604024110,NHPC,45,18,190,418.0,79420.0,2021-10-26
2021102601016964,NICA,20,34,20,835.0,16700.0,2021-10-26
2021102601016963,NICA,20,42,100,835.0,83500.0,2021-10-26
2021102604024109,NHPC,52,18,260,418.0,108680.0,2021-10-26
2021102601016962,NICA,20,45,200,835.0,167000.0,2021-10-26
2021102604024108,NHPC,38,18,50,418.5,20925.0,2021-10-26
2021102601016961,NICA,20,42,200,835.0,167000.0,2021-10-26
2021102601016960,NICA,20,48,54,835.0,45090.0,2021-10-26
2021102601016959,NICA,20,49,400,835.0,334000.0,2021-10-26
2021102601016958,NICA,20,6,400,835.0,334000.0,2021-10-26
2021102601016957,NICA,20,34,100,835.0,83500.0,2021-10-26
2021102601016956,NICA,20,52,45,835.0,37575.0,2021-10-26
2021102601016955,NICA,20,58,100,835.0,83500.0,2021-10-26
2021102601016954,NICA,20,14,200,835.0,167000.0,2021-10-26
2021102601016953,NICA,20,58,1273,835.0,1062955.0,2021-10-26
2021102601016952,NICA,20,45,400,834.9,333960.0,2021-10-26
2021102601016951,NICA,20,49,180,834.0,150120.0,2021-10-26
2021102601016950,NICA,20,42,390,833.0,324870.0,2021-10-26
2021102603029428,GBBL,54,38,33,588.0,19404.0,2021-10-26
2021102603029427,GBBL,41,38,500,588.0,294000.0,2021-10-26
2021102603029426,GBBL,58,38,200,588.0,117600.0,2021-10-26
2021102603029425,GBBL,14,38,50,588.0,29400.0,2021-10-26
2021102603029424,GBBL,14,38,267,588.0,156996.0,2021-10-26
2021102604024107,HPPL,38,42,430,491.2,211216.0,2021-10-26
2021102603029423,GBBL,14,38,50,588.1,29405.0,2021-10-26
2021102604024106,HPPL,38,4,70,491.0,34370.0,2021-10-26
2021102603029422,GBBL,41,38,400,589.0,235600.0,2021-10-26
2021102603029421,JBBL,6,16,10,520.0,5200.0,2021-10-26
2021102604024105,GIC,34,41,10,575.0,5750.0,2021-10-26
2021102603029420,NLIC,14,32,50,1733.0,86650.0,2021-10-26
2021102604024104,API,32,57,35,466.0,16310.0,2021-10-26
2021102601016949,NBL,28,28,10,489.0,4890.0,2021-10-26
2021102603029419,HIDCL,42,46,44,353.0,15532.0,2021-10-26
2021102603029418,HIDCL,42,34,56,353.0,19768.0,2021-10-26
2021102604024103,AHPC,45,42,15,478.0,7170.0,2021-10-26
2021102604024102,AKJCL,49,42,75,363.0,27225.0,2021-10-26
2021102603029417,NRIC,38,36,195,1338.0,260910.0,2021-10-26
2021102604024101,BPCL,36,42,100,518.0,51800.0,2021-10-26
2021102603029416,NUBL,38,14,50,1522.0,76100.0,2021-10-26
2021102603029415,SMB,14,52,20,2677.0,53540.0,2021-10-26
2021102603029414,FMDBL,36,14,10,980.2,9802.0,2021-10-26
2021102603029413,NLIC,14,57,10,1733.0,17330.0,2021-10-26
2021102603029412,NLIC,14,13,40,1733.0,69320.0,2021-10-26
2021102601016948,SANIMA,58,29,50,402.6,20130.0,2021-10-26
2021102601016947,CBL,1,49,10,242.0,2420.0,2021-10-26
2021102603029411,MLBL,48,43,300,627.0,188100.0,2021-10-26
2021102604024100,UPPER,38,44,100,625.0,62500.0,2021-10-26
2021102604024099,RURU,13,6,17,1063.0,18071.0,2021-10-26
2021102604024098,RURU,13,6,10,1065.0,10650.0,2021-10-26
2021102604024097,RURU,39,6,13,1065.3,13848.9,2021-10-26
2021102604024096,RURU,38,6,10,1065.4,10654.0,2021-10-26
2021102604024095,RURU,48,6,10,1067.0,10670.0,2021-10-26
2021102604024094,RURU,13,6,10,1068.0,10680.0,2021-10-26
2021102603029410,LBBL,45,36,25,540.0,13500.0,2021-10-26
2021102603029409,GBBL,41,49,100,589.0,58900.0,2021-10-26
2021102603029386,ICFC,28,19,60,810.0,48600.0,2021-10-26
2021102601016941,MEGA,3,14,20,331.0,6620.0,2021-10-26
2021102603029385,ICFC,28,34,20,810.0,16200.0,2021-10-26
2021102601016940,MEGA,3,47,101,330.8,33410.8,2021-10-26
2021102603029384,ICFC,28,29,200,810.0,162000.0,2021-10-26
2021102603029383,ICFC,28,43,500,810.0,405000.0,2021-10-26
2021102601016939,SBI,5,42,400,350.0,140000.0,2021-10-26
2021102603029382,ICFC,28,42,200,810.0,162000.0,2021-10-26
2021102603029381,ICFC,28,18,10,810.0,8100.0,2021-10-26
2021102603029380,ICFC,28,58,120,807.0,96840.0,2021-10-26
2021102603029379,ICFC,28,51,50,807.0,40350.0,2021-10-26
2021102603029378,ICFC,28,40,640,807.0,516480.0,2021-10-26
2021102603029377,ICFC,28,58,20,806.0,16120.0,2021-10-26
2021102603029376,ICFC,28,28,200,805.0,161000.0,2021-10-26
2021102603029375,ALICL,42,44,150,1250.0,187500.0,2021-10-26
2021102603029374,ALICL,42,49,250,1246.0,311500.0,2021-10-26
2021102604024081,AHPC,45,8,210,478.0,100380.0,2021-10-26
2021102601016938,CBL,22,49,46,242.0,11132.0,2021-10-26
2021102603029373,SADBL,41,3,10,400.0,4000.0,2021-10-26
2021102603029372,PROFL,41,7,31,428.0,13268.0,2021-10-26
2021102604024080,AKJCL,41,42,100,363.0,36300.0,2021-10-26
2021102603029371,SLICL,41,44,100,835.0,83500.0,2021-10-26
2021102603029408,MPFL,55,14,10,535.0,5350.0,2021-10-26
2021102603029407,NIFRA,52,41,50,355.0,17750.0,2021-10-26
2021102604024093,SHEL,38,17,70,452.0,31640.0,2021-10-26
2021102604024092,SHEL,35,17,90,452.0,40680.0,2021-10-26
2021102601016946,NMB,18,34,100,416.8,41680.0,2021-10-26
2021102604024091,API,22,57,10,466.0,4660.0,2021-10-26
2021102604024090,API,8,57,105,466.0,48930.0,2021-10-26
2021102604024089,AKPL,57,25,355,552.0,195960.0,2021-10-26
2021102604024088,AKPL,57,57,200,551.9,110380.0,2021-10-26
2021102604024087,AKPL,57,44,150,550.0,82500.0,2021-10-26
2021102604024086,AKPL,57,45,108,550.0,59400.0,2021-10-26
2021102603029406,MLBL,48,57,741,627.0,464607.0,2021-10-26
2021102604024085,AKPL,57,55,325,550.0,178750.0,2021-10-26
2021102601016945,ADBL,58,57,322,525.0,169050.0,2021-10-26
2021102603029405,MLBL,52,57,259,627.0,162393.0,2021-10-26
2021102604024084,AKPL,57,41,421,550.0,231550.0,2021-10-26
2021102601016944,ADBL,58,57,178,525.0,93450.0,2021-10-26
2021102603029404,PROFL,28,37,10,430.0,4300.0,2021-10-26
2021102603029403,ICFC,28,25,230,814.0,187220.0,2021-10-26
2021102603029402,ICFC,28,45,500,814.0,407000.0,2021-10-26
2021102603029401,ICFC,28,48,200,814.0,162800.0,2021-10-26
2021102603029400,ICFC,28,36,200,814.0,162800.0,2021-10-26
2021102603029399,ICFC,28,58,10,813.9,8139.0,2021-10-26
2021102603029398,ICFC,28,6,10,813.0,8130.0,2021-10-26
2021102603029397,ICFC,28,20,150,813.0,121950.0,2021-10-26
2021102604024083,AKJCL,34,42,15,363.0,5445.0,2021-10-26
2021102603029396,ICFC,28,34,200,812.0,162400.0,2021-10-26
2021102603029395,ICFC,28,36,589,812.0,478268.0,2021-10-26
2021102603029394,ICFC,28,32,100,812.0,81200.0,2021-10-26
2021102604024082,RHPC,6,43,150,719.9,107985.0,2021-10-26
2021102603029393,ICFC,28,55,200,812.0,162400.0,2021-10-26
2021102603029392,ICFC,28,34,20,812.0,16240.0,2021-10-26
2021102603029391,ICFC,28,59,25,812.0,20300.0,2021-10-26
2021102603029390,ICFC,28,38,100,811.0,81100.0,2021-10-26
2021102603029389,ICFC,28,58,96,810.9,77846.4,2021-10-26
2021102603029388,ICFC,28,28,50,810.0,40500.0,2021-10-26
2021102601016943,MEGA,3,22,50,331.0,16550.0,2021-10-26
2021102603029387,ICFC,28,32,300,810.0,243000.0,2021-10-26
2021102601016942,MEGA,3,14,20,331.0,6620.0,2021-10-26
2021102603029370,FOWAD,50,14,11,2841.0,31251.0,2021-10-26
2021102603029369,RLFL,50,34,200,579.0,115800.0,2021-10-26
2021102603029368,LBBL,25,14,70,539.0,37730.0,2021-10-26
2021102603029367,CHDC,35,57,10,900.0,9000.0,2021-10-26
2021102603029366,MNBBL,50,33,250,716.0,179000.0,2021-10-26
2021102604024079,CGH,42,43,10,1452.0,14520.0,2021-10-26
2021102603029365,NTC,51,21,155,1170.0,181350.0,2021-10-26
2021102603029364,SADBL,58,3,23,400.0,9200.0,2021-10-26
2021102603029363,RMDC,58,45,10,1580.0,15800.0,2021-10-26
2021102603029362,RMDC,58,50,10,1580.0,15800.0,2021-10-26
2021102603029361,SADBL,47,3,144,400.0,57600.0,2021-10-26
2021102601016937,BOKL,58,22,10,358.0,3580.0,2021-10-26
2021102603029360,SADBL,47,3,129,400.0,51600.0,2021-10-26
2021102604024078,AKPL,35,58,190,548.0,104120.0,2021-10-26
2021102603029359,SADBL,6,3,50,401.0,20050.0,2021-10-26
2021102603029358,SADBL,47,3,65,401.0,26065.0,2021-10-26
2021102604024077,CHCL,14,48,150,600.0,90000.0,2021-10-26
2021102604024076,CHCL,26,48,100,602.0,60200.0,2021-10-26
2021102603029357,KSBBL,52,21,100,720.0,72000.0,2021-10-26
2021102604024075,UMHL,42,57,180,472.0,84960.0,2021-10-26
2021102604024074,UMHL,57,57,20,472.0,9440.0,2021-10-26
2021102604024073,BPCL,45,57,50,517.8,25890.0,2021-10-26
2021102604024072,HPPL,57,4,30,491.0,14730.0,2021-10-26
2021102604024071,RBCL,51,49,10,18450.0,184500.0,2021-10-26
2021102604024070,API,34,58,100,467.0,46700.0,2021-10-26
2021102603029356,CBBL,6,17,50,1723.0,86150.0,2021-10-26
2021102603029355,GUFL,28,28,40,1000.0,40000.0,2021-10-26
2021102603029354,MNBBL,50,28,40,716.0,28640.0,2021-10-26
2021102604024069,RMF1,28,45,100,9.97,997.0,2021-10-26
2021102603029353,HIDCL,42,34,50,353.0,17650.0,2021-10-26
2021102601016936,NICA,42,42,200,833.0,166600.0,2021-10-26
2021102601016935,NBL,50,28,10,489.0,4890.0,2021-10-26
2021102604024068,IGI,40,35,40,1033.0,41320.0,2021-10-26
2021102603029352,HIDCL,14,34,238,353.0,84014.0,2021-10-26
2021102603029351,LICN,25,58,120,1999.0,239880.0,2021-10-26
2021102603029350,LICN,25,7,50,1999.0,99950.0,2021-10-26
2021102603029349,LICN,25,36,100,1999.0,199900.0,2021-10-26
2021102603029348,LICN,25,58,50,1998.0,99900.0,2021-10-26
2021102603029347,LICN,25,26,50,1998.0,99900.0,2021-10-26
2021102603029346,LICN,25,16,20,1990.0,39800.0,2021-10-26
2021102603029345,LICN,25,17,75,1990.0,149250.0,2021-10-26
2021102603029344,LICN,25,56,25,1990.0,49750.0,2021-10-26
2021102603029343,LICN,25,28,120,1987.9,238548.0,2021-10-26
2021102603029342,LICN,25,51,100,1980.0,198000.0,2021-10-26
2021102603029341,LICN,25,19,90,1975.0,177750.0,2021-10-26
2021102601016934,SANIMA,25,32,13,402.9,5237.7,2021-10-26
2021102603029340,NRIC,58,36,60,1336.0,80160.0,2021-10-26
2021102603029339,NRIC,28,36,40,1338.0,53520.0,2021-10-26
2021102601016933,SBI,5,43,1000,349.1,349100.0,2021-10-26
2021102601016932,NMB,29,52,35,416.1,14563.5,2021-10-26
2021102603029338,SLBBL,44,39,129,1573.0,202917.0,2021-10-26
2021102603029337,NABBC,33,47,21,709.0,14889.0,2021-10-26
2021102603029336,NABBC,57,47,79,710.0,56090.0,2021-10-26
2021102601016931,ADBL,58,4,10,525.0,5250.0,2021-10-26
2021102604024067,AKPL,49,58,98,549.0,53802.0,2021-10-26
2021102604024066,UMHL,58,42,191,478.0,91298.0,2021-10-26
2021102604024065,UMHL,58,21,200,478.0,95600.0,2021-10-26
2021102604024064,UMHL,58,58,710,478.0,339380.0,2021-10-26
2021102604024063,UMHL,58,17,880,477.0,419760.0,2021-10-26
2021102604024062,UMHL,58,45,190,476.0,90440.0,2021-10-26
2021102604024061,UMHL,58,5,829,476.0,394604.0,2021-10-26
2021102603029335,SFCL,45,22,200,515.0,103000.0,2021-10-26
2021102604024060,PICL,48,42,59,705.8,41642.2,2021-10-26
2021102604024059,PICL,48,44,100,705.7,70570.0,2021-10-26
2021102604024058,PICL,48,10,100,705.0,70500.0,2021-10-26
2021102604024057,PICL,48,51,50,705.0,35250.0,2021-10-26
2021102604024056,PICL,48,45,10,704.0,7040.0,2021-10-26
2021102604024055,PICL,48,47,40,704.0,28160.0,2021-10-26
2021102604024054,PICL,48,10,50,703.9,35195.0,2021-10-26
2021102604024053,PICL,48,51,91,702.7,63945.7,2021-10-26
2021102604024052,NIL,41,34,30,1306.0,39180.0,2021-10-26
2021102603029334,RLFL,41,53,25,578.0,14450.0,2021-10-26
2021102604024051,UPCL,41,51,35,410.0,14350.0,2021-10-26
2021102603029333,RLFL,41,53,475,578.0,274550.0,2021-10-26
2021102604024050,UPPER,35,21,30,623.0,18690.0,2021-10-26
2021102603029332,SINDU,21,51,189,450.0,85050.0,2021-10-26
2021102604024049,BARUN,17,3,50,484.4,24220.0,2021-10-26
2021102601016930,NICA,20,42,10,833.0,8330.0,2021-10-26
2021102603029331,CHDC,18,13,80,899.8,71984.0,2021-10-26
2021102603029330,NIFRA,18,41,200,355.0,71000.0,2021-10-26
2021102604024048,AKPL,39,41,79,550.0,43450.0,2021-10-26
2021102604024047,AKPL,39,22,21,550.0,11550.0,2021-10-26
2021102604024046,AKPL,39,45,215,550.0,118250.0,2021-10-26
2021102604024045,AKPL,39,45,405,550.0,222750.0,2021-10-26
2021102604024044,AKPL,39,59,80,549.5,43960.0,2021-10-26
2021102604024043,NIL,48,34,50,1306.0,65300.0,2021-10-26
2021102604024042,SIL,44,18,25,895.0,22375.0,2021-10-26
2021102604024041,SIL,44,32,53,894.9,47429.7,2021-10-26
2021102604024040,SIL,44,57,22,890.0,19580.0,2021-10-26
2021102603029329,GMFIL,49,32,100,527.0,52700.0,2021-10-26
2021102603029328,SLBBL,42,39,69,1573.0,108537.0,2021-10-26
2021102604024039,GIMES1,42,57,215,21.29,4577.35,2021-10-26
2021102603029327,KSBBL,52,22,923,718.0,662714.0,2021-10-26
2021102603029326,KSBBL,34,22,500,718.1,359050.0,2021-10-26
2021102603029325,KSBBL,19,22,50,718.1,35905.0,2021-10-26
2021102603029324,KSBBL,19,22,50,718.1,35905.0,2021-10-26
2021102603029323,KSBBL,58,22,117,718.1,84017.7,2021-10-26
2021102603029322,KSBBL,19,22,20,719.0,14380.0,2021-10-26
2021102603029321,KSBBL,33,22,340,720.0,244800.0,2021-10-26
2021102603029320,HIDCL,41,34,200,353.0,70600.0,2021-10-26
2021102604024038,API,41,58,10,467.0,4670.0,2021-10-26
2021102601016929,GBIME,41,36,20,399.0,7980.0,2021-10-26
2021102604024037,PMHPL,38,41,10,330.0,3300.0,2021-10-26
2021102603029319,SHINE,50,59,102,510.0,52020.0,2021-10-26
2021102603029318,SHINE,50,17,100,510.0,51000.0,2021-10-26
2021102603029317,SHINE,50,50,248,509.8,126430.4,2021-10-26
2021102603029316,SHINE,50,6,50,508.0,25400.0,2021-10-26
2021102603029315,MNBBL,41,50,485,715.1,346823.5,2021-10-26
2021102603029314,MNBBL,22,50,15,716.0,10740.0,2021-10-26
2021102601016928,MEGA,56,39,35,330.1,11553.5,2021-10-26
2021102601016927,MEGA,45,39,20,330.5,6610.0,2021-10-26
2021102603029313,RLFL,26,34,50,579.0,28950.0,2021-10-26
2021102603029312,RLFL,26,32,100,578.9,57890.0,2021-10-26
2021102604024036,AKJCL,43,35,10,362.5,3625.0,2021-10-26
2021102601016926,GBIME,35,36,31,399.0,12369.0,2021-10-26
2021102601016925,GBIME,35,44,19,399.0,7581.0,2021-10-26
2021102603029311,SMFBS,45,29,20,2688.0,53760.0,2021-10-26
2021102603029310,KSBBL,19,58,40,719.0,28760.0,2021-10-26
2021102603029309,KSBBL,40,58,60,719.1,43146.0,2021-10-26
2021102604024035,AHPC,45,19,411,478.0,196458.0,2021-10-26
2021102601016924,NICA,33,53,200,830.0,166000.0,2021-10-26
2021102603029308,NLIC,20,13,60,1733.0,103980.0,2021-10-26
2021102603029307,NLIC,20,44,11,1733.0,19063.0,2021-10-26
2021102601016923,NABIL,1,53,100,1569.5,156950.0,2021-10-26
2021102603029306,SADBL,47,3,220,401.0,88220.0,2021-10-26
2021102604024034,RRHP,14,34,90,505.2,45468.0,2021-10-26
2021102604024033,RRHP,19,34,10,511.0,5110.0,2021-10-26
2021102603029305,MNBBL,22,37,10,716.0,7160.0,2021-10-26
2021102603029304,KSBBL,44,59,110,720.0,79200.0,2021-10-26
2021102604024032,SPDL,45,32,25,479.1,11977.5,2021-10-26
2021102603029303,ALICL,53,49,50,1246.0,62300.0,2021-10-26
2021102603029302,ALICL,45,49,500,1246.0,623000.0,2021-10-26
2021102603029301,ALICL,45,49,200,1246.0,249200.0,2021-10-26
2021102603029300,GMFIL,49,8,50,527.0,26350.0,2021-10-26
2021102603029299,MLBBL,14,39,10,2070.0,20700.0,2021-10-26
2021102603029298,PFL,13,34,40,640.0,25600.0,2021-10-26
2021102603029297,PFL,13,55,10,640.0,6400.0,2021-10-26
2021102603029296,PFL,13,11,44,640.0,28160.0,2021-10-26
2021102604024031,AHPC,25,19,69,478.0,32982.0,2021-10-26
2021102603029295,NLICL,57,59,50,991.2,49560.0,2021-10-26
2021102601016922,CCBL,25,38,75,242.5,18187.5,2021-10-26
2021102601016921,CCBL,52,38,11,242.5,2667.5,2021-10-26
2021102603029294,MLBL,52,58,50,627.0,31350.0,2021-10-26
2021102603029293,KSBBL,22,59,50,720.0,36000.0,2021-10-26
2021102601016920,GBIME,21,44,20,399.0,7980.0,2021-10-26
2021102603029292,MLBL,48,18,230,627.1,144233.0,2021-10-26
2021102603029291,MLBL,48,33,17,627.1,10660.7,2021-10-26
2021102603029290,GMFBS,44,53,50,1520.0,76000.0,2021-10-26
2021102603029274,SKBBL,58,10,66,1725.0,113850.0,2021-10-26
2021102603029273,SKBBL,58,1,34,1725.0,58650.0,2021-10-26
2021102604024030,RRHP,38,1,10,512.0,5120.0,2021-10-26
2021102603029272,SKBBL,56,1,100,1725.0,172500.0,2021-10-26
2021102603029271,SKBBL,19,1,100,1725.0,172500.0,2021-10-26
2021102603029270,SKBBL,58,1,466,1726.0,804316.0,2021-10-26
2021102601016919,SBL,34,20,100,498.8,49880.0,2021-10-26
2021102604024029,MHNL,5,28,180,440.0,79200.0,2021-10-26
2021102603029269,RLFL,41,29,25,578.0,14450.0,2021-10-26
2021102603029268,RLFL,53,29,25,578.0,14450.0,2021-10-26
2021102604024028,API,8,28,30,466.0,13980.0,2021-10-26
2021102604024027,BARUN,22,3,100,484.4,48440.0,2021-10-26
2021102601016918,MBL,49,35,84,327.4,27501.6,2021-10-26
2021102601016917,MBL,49,49,16,327.4,5238.4,2021-10-26
2021102603029267,MDB,32,57,89,638.0,56782.0,2021-10-26
2021102604024026,NHPC,38,32,300,418.5,125550.0,2021-10-26
2021102603029266,MDB,21,57,100,638.0,63800.0,2021-10-26
2021102604024025,RHPC,6,57,167,719.8,120206.6,2021-10-26
2021102603029265,PFL,6,11,10,640.0,6400.0,2021-10-26
2021102604024024,API,8,6,65,466.0,30290.0,2021-10-26
2021102601016916,SBI,8,42,300,350.0,105000.0,2021-10-26
2021102603029264,KSBBL,19,58,40,719.0,28760.0,2021-10-26
2021102603029289,KSBBL,54,59,35,720.0,25200.0,2021-10-26
2021102603029288,HIDCL,52,34,200,353.0,70600.0,2021-10-26
2021102603029287,MFIL,59,48,20,1130.0,22600.0,2021-10-26
2021102603029286,SKBBL,34,10,113,1715.0,193795.0,2021-10-26
2021102603029285,SKBBL,5,10,50,1715.0,85750.0,2021-10-26
2021102603029284,SKBBL,45,10,100,1715.0,171500.0,2021-10-26
2021102603029283,SKBBL,14,10,100,1715.0,171500.0,2021-10-26
2021102603029282,SKBBL,41,10,1000,1716.0,1716000.0,2021-10-26
2021102603029281,SKBBL,22,10,170,1716.0,291720.0,2021-10-26
2021102603029280,SKBBL,58,10,31,1717.0,53227.0,2021-10-26
2021102603029279,SKBBL,47,10,100,1718.0,171800.0,2021-10-26
2021102603029278,SKBBL,17,10,200,1720.0,344000.0,2021-10-26
2021102603029277,SKBBL,22,10,10,1720.0,17200.0,2021-10-26
2021102603029276,SKBBL,44,10,50,1720.0,86000.0,2021-10-26
2021102603029275,SKBBL,19,10,10,1721.0,17210.0,2021-10-26
2021102605002422,ULI,35,14,10,640.0,6400.0,2021-10-26
2021102603029263,NRIC,36,57,80,1338.9,107112.0,2021-10-26
2021102601016915,EBL,7,29,100,738.0,73800.0,2021-10-26
2021102604024023,SICL,33,5,120,1790.0,214800.0,2021-10-26
2021102601016914,BOKL,38,43,292,358.0,104536.0,2021-10-26
2021102603029262,KSBBL,13,58,11,719.0,7909.0,2021-10-26
2021102603029261,KSBBL,32,58,50,719.5,35975.0,2021-10-26
2021102603029260,KSBBL,42,58,100,720.0,72000.0,2021-10-26
2021102601016913,CBL,22,58,80,242.0,19360.0,2021-10-26
2021102603029259,KSBBL,21,58,49,720.0,35280.0,2021-10-26
2021102604024022,PPCL,58,55,30,433.0,12990.0,2021-10-26
2021102603029258,KSBBL,54,58,10,720.0,7200.0,2021-10-26
2021102603029257,KSBBL,35,58,40,721.0,28840.0,2021-10-26
2021102604024021,RHPC,3,57,500,719.8,359900.0,2021-10-26
2021102603029256,MFIL,51,48,50,1130.0,56500.0,2021-10-26
2021102605002421,MKLB,51,45,30,1712.0,51360.0,2021-10-26
2021102605002420,MKLB,13,45,100,1712.4,171240.0,2021-10-26
2021102604024020,CHL,29,58,100,489.0,48900.0,2021-10-26
2021102605002419,MKJC,48,29,10,465.0,4650.0,2021-10-26
2021102604024019,CHCL,6,25,300,603.0,180900.0,2021-10-26
2021102603029255,NIFRA,34,21,60,354.0,21240.0,2021-10-26
2021102605002418,ULI,56,41,10,642.0,6420.0,2021-10-26
2021102605002417,ULI,56,57,10,642.0,6420.0,2021-10-26
2021102604024018,HPPL,42,57,500,489.0,244500.0,2021-10-26
2021102604024017,HPPL,42,57,500,489.1,244550.0,2021-10-26
2021102603029254,NABBC,57,22,21,710.0,14910.0,2021-10-26
2021102604024016,NHPC,38,57,650,418.5,272025.0,2021-10-26
2021102604024015,RRHP,52,49,30,506.0,15180.0,2021-10-26
2021102603029253,HIDCL,10,34,500,353.0,176500.0,2021-10-26
2021102603029252,MFIL,59,28,100,1127.0,112700.0,2021-10-26
2021102604024014,JOSHI,41,42,20,356.0,7120.0,2021-10-26
2021102601016912,CZBIL,37,25,20,307.5,6150.0,2021-10-26
2021102603029251,MLBL,49,33,30,627.1,18813.0,2021-10-26
2021102603029250,KSBBL,54,29,40,720.0,28800.0,2021-10-26
2021102603029249,KSBBL,32,29,60,720.0,43200.0,2021-10-26
2021102603029248,LBBL,25,14,50,539.0,26950.0,2021-10-26
2021102604024013,SPDL,58,25,30,479.1,14373.0,2021-10-26
2021102604024012,SPDL,39,25,200,479.1,95820.0,2021-10-26
2021102604024011,SPDL,25,25,100,479.1,47910.0,2021-10-26
2021102604024010,SPDL,7,25,500,479.1,239550.0,2021-10-26
2021102604024009,SPDL,58,25,38,479.1,18205.8,2021-10-26
2021102604024008,SPDL,28,25,100,479.1,47910.0,2021-10-26
2021102604024007,SPDL,44,25,2030,479.1,972573.0,2021-10-26
2021102601016911,NICA,43,45,100,834.9,83490.0,2021-10-26
2021102603029247,FOWAD,46,14,10,2841.0,28410.0,2021-10-26
2021102603029246,NTC,51,21,15,1170.0,17550.0,2021-10-26
2021102603029245,NTC,51,41,100,1170.0,117000.0,2021-10-26
2021102601016910,GBIME,22,44,22,399.0,8778.0,2021-10-26
2021102603029244,NIFRA,34,45,45,354.0,15930.0,2021-10-26
2021102601016909,CBL,22,45,50,242.0,12100.0,2021-10-26
2021102603029243,HIDCL,44,34,25,353.0,8825.0,2021-10-26
2021102603029242,SMATA,21,57,190,1504.0,285760.0,2021-10-26
2021102601016908,PCBL,22,17,56,480.0,26880.0,2021-10-26
2021102601016907,PCBL,5,17,10,480.0,4800.0,2021-10-26
2021102601016906,PCBL,57,17,30,480.0,14400.0,2021-10-26
2021102601016905,PCBL,34,17,350,480.0,168000.0,2021-10-26
2021102601016904,PCBL,42,17,296,480.0,142080.0,2021-10-26
2021102601016903,PCBL,43,17,415,480.0,199200.0,2021-10-26
2021102601016902,PCBL,49,17,1000,480.0,480000.0,2021-10-26
2021102601016901,PCBL,13,17,100,480.0,48000.0,2021-10-26
2021102601016900,PCBL,46,17,200,480.0,96000.0,2021-10-26
2021102601016899,PCBL,14,17,100,480.0,48000.0,2021-10-26
2021102601016898,PCBL,34,17,200,480.0,96000.0,2021-10-26
2021102601016897,PCBL,10,17,10,480.0,4800.0,2021-10-26
2021102601016896,PCBL,14,17,100,480.0,48000.0,2021-10-26
2021102601016895,PCBL,46,17,50,480.0,24000.0,2021-10-26
2021102601016894,PCBL,57,17,35,480.0,16800.0,2021-10-26
2021102601016893,PCBL,43,17,300,480.0,144000.0,2021-10-26
2021102601016892,PCBL,35,17,100,480.0,48000.0,2021-10-26
2021102601016888,PCBL,35,17,20,480.0,9600.0,2021-10-26
2021102601016887,PCBL,7,17,145,480.0,69600.0,2021-10-26
2021102601016886,PCBL,48,17,150,480.1,72015.0,2021-10-26
2021102601016885,PCBL,1,17,213,480.1,102261.3,2021-10-26
2021102604024006,RHPC,29,57,153,719.8,110129.4,2021-10-26
2021102601016884,HDL,35,46,12,6900.0,82800.0,2021-10-26
2021102601016883,HDL,35,7,20,6900.0,138000.0,2021-10-26
2021102601016882,HDL,35,37,20,6900.0,138000.0,2021-10-26
2021102601016881,HDL,35,5,56,6900.0,386400.0,2021-10-26
2021102601016880,HDL,35,7,20,6900.0,138000.0,2021-10-26
2021102601016879,HDL,35,58,10,6900.0,69000.0,2021-10-26
2021102601016878,HDL,35,21,150,6900.0,1035000.0,2021-10-26
2021102601016877,HDL,35,56,50,6900.0,345000.0,2021-10-26
2021102601016876,HDL,35,5,50,6890.0,344500.0,2021-10-26
2021102601016875,HDL,35,57,62,6890.0,427180.0,2021-10-26
2021102601016874,HDL,35,4,50,6860.0,343000.0,2021-10-26
2021102603029241,NICLBSL,34,40,164,1124.0,184336.0,2021-10-26
2021102603029240,SADBL,47,3,280,401.0,112280.0,2021-10-26
2021102603029239,USLB,32,57,10,2105.0,21050.0,2021-10-26
2021102603029238,USLB,32,6,10,2099.0,20990.0,2021-10-26
2021102603029237,USLB,32,48,20,2080.0,41600.0,2021-10-26
2021102605002416,SLI,50,32,10,551.0,5510.0,2021-10-26
2021102601016891,PCBL,58,17,20,480.0,9600.0,2021-10-26
2021102601016890,PCBL,40,17,1000,480.0,480000.0,2021-10-26
2021102601016889,PCBL,56,17,100,480.0,48000.0,2021-10-26
2021102605002415,ULI,57,56,5,640.0,3200.0,2021-10-26
2021102605002414,ULI,1,56,95,640.0,60800.0,2021-10-26
2021102604024005,BPCL,11,16,40,517.0,20680.0,2021-10-26
2021102603029236,LBBL,36,36,65,540.0,35100.0,2021-10-26
2021102603029235,KSBBL,38,5,100,721.1,72110.0,2021-10-26
2021102603029234,KSBBL,38,35,100,721.0,72100.0,2021-10-26
2021102601016873,GBIME,47,44,30,399.0,11970.0,2021-10-26
2021102603029233,JFL,49,58,10,637.0,6370.0,2021-10-26
2021102603029232,GILB,4,18,10,2305.0,23050.0,2021-10-26
2021102603029231,GILB,4,39,10,2304.0,23040.0,2021-10-26
2021102604024004,UPCL,58,7,18,410.0,7380.0,2021-10-26
2021102603029230,GILB,4,1,20,2300.0,46000.0,2021-10-26
2021102603029229,GILB,4,38,40,2300.0,92000.0,2021-10-26
2021102604024003,CHL,51,58,100,489.0,48900.0,2021-10-26
2021102601016872,NBB,22,28,500,420.5,210250.0,2021-10-26
2021102604024002,PMHPL,38,21,10,330.0,3300.0,2021-10-26
2021102601016871,GBIME,41,44,10,399.0,3990.0,2021-10-26
2021102604024001,UPCL,17,7,250,410.0,102500.0,2021-10-26
2021102604024000,NICL,52,35,100,815.0,81500.0,2021-10-26
2021102604023999,NICL,52,6,50,815.0,40750.0,2021-10-26
2021102604023998,NICL,52,44,76,814.9,61932.4,2021-10-26
2021102604023997,NICL,52,33,50,813.0,40650.0,2021-10-26
2021102603029228,PLI,52,41,90,611.9,55071.0,2021-10-26
2021102603029227,MNBBL,38,8,10,716.8,7168.0,2021-10-26
2021102604023996,API,34,6,35,466.0,16310.0,2021-10-26
2021102604023995,API,34,48,100,466.0,46600.0,2021-10-26
2021102604023994,API,34,54,265,466.0,123490.0,2021-10-26
2021102604023993,API,34,59,100,466.0,46600.0,2021-10-26
2021102603029226,SHINE,46,42,53,506.1,26823.3,2021-10-26
2021102603029225,SHINE,13,42,77,507.6,39085.2,2021-10-26
2021102603029224,SHINE,13,51,173,507.6,87814.8,2021-10-26
2021102604023992,UPPER,35,32,100,623.0,62300.0,2021-10-26
2021102604023991,UPPER,34,32,50,623.0,31150.0,2021-10-26
2021102603029223,NICLBSL,58,40,36,1124.0,40464.0,2021-10-26
2021102604023990,AHPC,6,19,20,478.0,9560.0,2021-10-26
2021102603029222,FMDBL,36,14,10,980.2,9802.0,2021-10-26
2021102603029221,GUFL,56,38,10,1005.0,10050.0,2021-10-26
2021102604023989,AHPC,7,58,200,479.0,95800.0,2021-10-26
2021102603029220,NLIC,20,59,29,1726.0,50054.0,2021-10-26
2021102603029219,NLIC,16,59,21,1730.0,36330.0,2021-10-26
2021102603029218,NICLBSL,58,58,10,1124.0,11240.0,2021-10-26
2021102601016870,MEGA,45,55,60,330.5,19830.0,2021-10-26
2021102603029217,NMBMF,57,28,90,1385.0,124650.0,2021-10-26
2021102604023988,UMRH,38,38,50,564.0,28200.0,2021-10-26
2021102604023987,UMRH,38,52,140,562.0,78680.0,2021-10-26
2021102604023986,UMRH,38,45,10,561.0,5610.0,2021-10-26
2021102604023985,UMRH,38,17,10,561.0,5610.0,2021-10-26
2021102604023984,UMRH,38,19,20,561.0,11220.0,2021-10-26
2021102604023983,UMRH,38,38,50,560.5,28025.0,2021-10-26
2021102603029216,NIFRA,34,52,50,354.0,17700.0,2021-10-26
2021102604023982,UMRH,38,54,20,560.0,11200.0,2021-10-26
2021102604023981,AIL,42,38,20,725.0,14500.0,2021-10-26
2021102603029215,SAPDBL,29,46,150,395.0,59250.0,2021-10-26
2021102603029214,SAPDBL,41,46,100,395.5,39550.0,2021-10-26
2021102603029213,ILBS,34,32,10,1720.9,17209.0,2021-10-26
2021102603029212,NABBC,33,3,400,709.0,283600.0,2021-10-26
2021102603029211,NABBC,38,3,100,709.0,70900.0,2021-10-26
2021102603029210,KSBBL,32,42,340,720.0,244800.0,2021-10-26
2021102604023980,HURJA,48,42,1000,450.0,450000.0,2021-10-26
2021102603029209,KSBBL,41,42,100,720.0,72000.0,2021-10-26
2021102603029208,KSBBL,17,42,210,720.0,151200.0,2021-10-26
2021102604023979,HURJA,32,42,20,450.0,9000.0,2021-10-26
2021102603029207,KSBBL,35,42,350,720.0,252000.0,2021-10-26
2021102604023978,HURJA,45,42,50,450.0,22500.0,2021-10-26
2021102603029206,NICLBSL,58,42,124,1124.0,139376.0,2021-10-26
2021102603029205,MFIL,35,26,55,1129.0,62095.0,2021-10-26
2021102603029204,SKBBL,58,44,34,1726.0,58684.0,2021-10-26
2021102603029203,SKBBL,25,44,200,1727.0,345400.0,2021-10-26
2021102603029202,SKBBL,58,44,36,1730.0,62280.0,2021-10-26
2021102601016869,KBL,34,50,727,279.0,202833.0,2021-10-26
2021102603029201,SKBBL,33,44,50,1730.0,86500.0,2021-10-26
2021102601016868,KBL,16,50,23,279.0,6417.0,2021-10-26
2021102603029200,SKBBL,45,44,30,1732.0,51960.0,2021-10-26
2021102601016867,KBL,29,50,100,279.0,27900.0,2021-10-26
2021102603029199,SKBBL,57,44,50,1735.0,86750.0,2021-10-26
2021102601016866,KBL,41,50,100,279.0,27900.0,2021-10-26
2021102601016865,KBL,17,50,35,279.0,9765.0,2021-10-26
2021102601016864,KBL,38,50,15,279.0,4185.0,2021-10-26
2021102603029198,HIDCL,58,25,45,352.9,15880.5,2021-10-26
2021102603029197,RLI,1,16,310,528.0,163680.0,2021-10-26
2021102603029196,RLI,13,16,100,528.0,52800.0,2021-10-26
2021102604023977,SHPC,39,45,100,415.0,41500.0,2021-10-26
2021102601016863,NBL,58,28,60,489.0,29340.0,2021-10-26
2021102601016862,NBL,58,32,140,489.0,68460.0,2021-10-26
2021102603029195,SLBBL,52,21,45,1572.0,70740.0,2021-10-26
2021102601016861,NICA,20,57,10,834.0,8340.0,2021-10-26
2021102603029194,KSBBL,57,5,100,721.1,72110.0,2021-10-26
2021102603029193,SABSL,57,14,10,2090.0,20900.0,2021-10-26
2021102601016860,PCBL,1,17,87,480.1,41768.7,2021-10-26
2021102601016859,PCBL,13,17,100,481.0,48100.0,2021-10-26
2021102601016858,PCBL,57,17,50,481.0,24050.0,2021-10-26
2021102601016857,PCBL,21,17,60,481.0,28860.0,2021-10-26
2021102601016856,PCBL,14,17,600,481.0,288600.0,2021-10-26
2021102601016855,PCBL,16,17,236,481.0,113516.0,2021-10-26
2021102603029192,LICN,41,28,80,1987.9,159032.0,2021-10-26
2021102603029191,LICN,41,28,10,1986.9,19869.0,2021-10-26
2021102603029190,LICN,41,48,27,1986.0,53622.0,2021-10-26
2021102603029189,LICN,41,25,100,1986.0,198600.0,2021-10-26
2021102603029188,LICN,41,6,200,1986.0,397200.0,2021-10-26
2021102603029187,LICN,41,44,200,1985.0,397000.0,2021-10-26
2021102603029186,LICN,41,40,60,1985.0,119100.0,2021-10-26
2021102603029185,LICN,41,28,30,1985.0,59550.0,2021-10-26
2021102601016854,SANIMA,35,32,25,402.9,10072.5,2021-10-26
2021102603029184,HIDCL,14,34,30,353.0,10590.0,2021-10-26
2021102603029183,KSBBL,13,46,20,722.0,14440.0,2021-10-26
2021102603029182,KSBBL,13,58,80,721.0,57680.0,2021-10-26
2021102603029181,KSBBL,13,55,100,721.0,72100.0,2021-10-26
2021102604023976,JOSHI,6,43,50,357.0,17850.0,2021-10-26
2021102601016853,GBIME,16,44,24,399.0,9576.0,2021-10-26
2021102601016852,GBIME,16,39,26,399.0,10374.0,2021-10-26
2021102603029180,JBBL,7,45,50,519.0,25950.0,2021-10-26
2021102604023975,CMF1,59,40,1900,10.0,19000.0,2021-10-26
2021102604023974,UMHL,58,5,151,476.0,71876.0,2021-10-26
2021102604023973,UMHL,58,34,1025,475.0,486875.0,2021-10-26
2021102604023972,UMHL,58,55,10,475.0,4750.0,2021-10-26
2021102604023971,UMHL,58,58,53,475.0,25175.0,2021-10-26
2021102604023970,UMHL,58,58,1000,474.0,474000.0,2021-10-26
2021102604023969,UMHL,58,4,340,474.0,161160.0,2021-10-26
2021102604023968,UMHL,58,35,241,473.9,114209.9,2021-10-26
2021102601016851,SHIVM,58,17,20,1387.0,27740.0,2021-10-26
2021102604023967,UMHL,58,56,180,473.0,85140.0,2021-10-26
2021102601016850,SHIVM,58,20,100,1382.0,138200.0,2021-10-26
2021102603029179,GUFL,28,58,50,1000.0,50000.0,2021-10-26
2021102603029178,MLBL,45,33,200,627.1,125420.0,2021-10-26
2021102603029177,LBBL,55,36,120,540.0,64800.0,2021-10-26
2021102601016849,SBL,13,20,100,498.8,49880.0,2021-10-26
2021102603029176,MDB,54,35,10,640.0,6400.0,2021-10-26
2021102605002413,JBLB,6,41,10,4500.0,45000.0,2021-10-26
2021102603029175,HIDCL,54,34,42,353.0,14826.0,2021-10-26
2021102604023966,CMF1,6,40,500,10.0,5000.0,2021-10-26
2021102604023965,GIC,17,38,15,574.0,8610.0,2021-10-26
2021102604023964,UMHL,59,56,10,473.0,4730.0,2021-10-26
2021102603029174,NTC,19,16,10,1170.0,11700.0,2021-10-26
2021102604023963,BPCL,34,35,200,517.8,103560.0,2021-10-26
2021102603029173,FMDBL,42,58,200,1025.0,205000.0,2021-10-26
2021102603029172,SLBBL,28,39,100,1573.0,157300.0,2021-10-26
2021102603029171,NLBBL,22,18,225,1422.0,319950.0,2021-10-26
2021102603029170,PROFL,35,7,25,428.0,10700.0,2021-10-26
2021102604023962,PRIN,49,41,39,834.0,32526.0,2021-10-26
2021102604023961,HDHPC,14,49,100,334.0,33400.0,2021-10-26
2021102604023960,HDHPC,14,45,199,334.0,66466.0,2021-10-26
2021102604023959,PPCL,14,55,10,433.0,4330.0,2021-10-26
2021102604023958,AHPC,56,58,30,479.0,14370.0,2021-10-26
2021102604023957,AHPC,56,58,75,478.0,35850.0,2021-10-26
2021102603029169,NRIC,58,36,40,1338.9,53556.0,2021-10-26
2021102603029168,MLBL,52,43,91,627.0,57057.0,2021-10-26
2021102604023956,NHPC,7,25,30,419.0,12570.0,2021-10-26
2021102604023955,NHPC,7,59,20,419.0,8380.0,2021-10-26
2021102603029167,GMFIL,38,34,80,529.0,42320.0,2021-10-26
2021102604023954,BPCL,4,50,170,518.0,88060.0,2021-10-26
2021102603029166,MDB,21,56,100,638.0,63800.0,2021-10-26
2021102604023953,AHPC,48,58,100,478.0,47800.0,2021-10-26
2021102604023952,DHPL,41,57,200,341.0,68200.0,2021-10-26
2021102604023951,NHPC,52,13,40,418.0,16720.0,2021-10-26
2021102603029165,GUFL,8,38,10,1005.0,10050.0,2021-10-26
2021102603029164,KSBBL,57,46,50,722.0,36100.0,2021-10-26
2021102603029163,HIDCL,57,34,50,353.0,17650.0,2021-10-26
2021102603029162,USLB,39,48,10,2080.0,20800.0,2021-10-26
2021102604023950,HPPL,38,42,65,491.2,31928.0,2021-10-26
2021102604023949,HPPL,38,3,300,491.2,147360.0,2021-10-26
2021102604023948,HPPL,38,57,50,491.2,24560.0,2021-10-26
2021102604023947,HPPL,38,37,100,491.2,49120.0,2021-10-26
2021102604023946,HPPL,38,44,436,491.2,214163.2,2021-10-26
2021102601016848,NABIL,29,38,12,1569.2,18830.4,2021-10-26
2021102604023945,HPPL,38,3,49,491.0,24059.0,2021-10-26
2021102604023944,HDHPC,52,45,100,334.0,33400.0,2021-10-26
2021102604023943,RHPL,19,37,75,385.0,28875.0,2021-10-26
2021102604023942,RHPL,45,37,50,385.0,19250.0,2021-10-26
2021102604023941,RHPL,34,37,200,385.0,77000.0,2021-10-26
2021102604023940,RHPL,21,37,25,386.0,9650.0,2021-10-26
2021102603029161,FMDBL,36,14,10,980.2,9802.0,2021-10-26
2021102605002412,JBLB,13,56,10,4500.0,45000.0,2021-10-26
2021102601016847,CBL,22,16,93,242.0,22506.0,2021-10-26
2021102601016846,CBL,22,16,200,242.0,48400.0,2021-10-26
2021102601016845,CBL,41,16,200,242.0,48400.0,2021-10-26
2021102601016844,CBL,29,16,500,242.0,121000.0,2021-10-26
2021102601016843,CBL,3,16,50,242.0,12100.0,2021-10-26
2021102601016842,CBL,5,16,10,242.0,2420.0,2021-10-26
2021102601016841,CBL,44,16,65,242.0,15730.0,2021-10-26
2021102603029160,NLIC,26,44,10,1733.0,17330.0,2021-10-26
2021102604023939,UPPER,45,44,10,625.0,6250.0,2021-10-26
2021102604023938,UPPER,45,57,90,625.0,56250.0,2021-10-26
2021102604023937,NHPC,52,58,700,418.0,292600.0,2021-10-26
2021102604023936,NHPC,22,58,100,418.0,41800.0,2021-10-26
2021102603029159,MFIL,45,26,20,1129.0,22580.0,2021-10-26
2021102604023935,NHPC,58,58,480,418.0,200640.0,2021-10-26
2021102601016840,ADBL,58,54,50,525.0,26250.0,2021-10-26
2021102603029158,PROFL,44,45,50,427.0,21350.0,2021-10-26
2021102604023934,NHPC,48,58,720,418.0,300960.0,2021-10-26
2021102601016839,ADBL,58,58,262,525.0,137550.0,2021-10-26
2021102603029157,PROFL,45,45,20,427.0,8540.0,2021-10-26
2021102604023933,AHPC,58,58,25,478.0,11950.0,2021-10-26
2021102603029156,MLBL,4,33,650,627.1,407615.0,2021-10-26
2021102604023932,HDHPC,41,45,100,334.0,33400.0,2021-10-26
2021102604023931,NIBLPF,48,28,1000,11.22,11220.0,2021-10-26
2021102604023930,AHPC,55,58,50,479.0,23950.0,2021-10-26
2021102601016838,MBL,55,49,100,327.4,32740.0,2021-10-26
2021102603029155,KSBBL,58,57,889,718.1,638390.9,2021-10-26
2021102603029154,KSBBL,57,57,200,718.2,143640.0,2021-10-26
2021102603029153,KSBBL,25,57,400,718.5,287400.0,2021-10-26
2021102603029152,KSBBL,8,57,100,718.6,71860.0,2021-10-26
2021102603029151,KSBBL,29,57,500,719.0,359500.0,2021-10-26
2021102603029150,KSBBL,38,57,100,719.0,71900.0,2021-10-26
2021102603029149,KSBBL,35,57,200,719.0,143800.0,2021-10-26
2021102603029148,KSBBL,17,57,50,719.0,35950.0,2021-10-26
2021102603029147,KSBBL,38,57,100,719.0,71900.0,2021-10-26
2021102603029146,KSBBL,14,57,60,719.0,43140.0,2021-10-26
2021102603029145,KSBBL,21,57,20,719.0,14380.0,2021-10-26
2021102603029144,KSBBL,13,57,200,719.0,143800.0,2021-10-26
2021102603029143,KSBBL,1,57,242,719.0,173998.0,2021-10-26
2021102603029142,KSBBL,8,57,100,719.1,71910.0,2021-10-26
2021102603029141,KSBBL,6,57,75,719.5,53962.5,2021-10-26
2021102603029140,KSBBL,41,57,20,719.6,14392.0,2021-10-26
2021102603029139,KSBBL,38,57,50,719.6,35980.0,2021-10-26
2021102603029138,KSBBL,58,57,60,719.6,43176.0,2021-10-26
2021102603029137,KSBBL,45,57,554,720.0,398880.0,2021-10-26
2021102603029136,KSBBL,54,57,500,720.0,360000.0,2021-10-26
2021102603029135,KSBBL,53,57,20,720.0,14400.0,2021-10-26
2021102603029134,KSBBL,45,57,22,720.0,15840.0,2021-10-26
2021102603029133,KSBBL,49,57,100,720.0,72000.0,2021-10-26
2021102603029132,KSBBL,25,57,50,720.0,36000.0,2021-10-26
2021102603029131,KSBBL,38,57,388,720.0,279360.0,2021-10-26
2021102603029130,CLBSL,57,7,35,1385.0,48475.0,2021-10-26
2021102603029129,CLBSL,57,58,10,1384.0,13840.0,2021-10-26
2021102604023929,NICBF,59,54,2050,10.75,22037.5,2021-10-26
2021102603029128,CLBSL,57,42,50,1383.0,69150.0,2021-10-26
2021102604023928,NICBF,55,54,7950,10.8,85860.0,2021-10-26
2021102603029127,CLBSL,57,49,23,1380.0,31740.0,2021-10-26
2021102603029126,CLBSL,57,43,95,1380.0,131100.0,2021-10-26
2021102603029125,CLBSL,57,58,11,1380.0,15180.0,2021-10-26
2021102603029124,CLBSL,57,52,11,1380.0,15180.0,2021-10-26
2021102603029123,CLBSL,57,22,40,1380.0,55200.0,2021-10-26
2021102604023927,RHPC,6,44,100,719.0,71900.0,2021-10-26
2021102603029122,CLBSL,57,58,110,1379.9,151789.0,2021-10-26
2021102603029121,CLBSL,57,42,65,1379.9,89693.5,2021-10-26
2021102603029120,CLBSL,57,54,50,1378.9,68945.0,2021-10-26
2021102604023926,UMHL,52,39,200,471.0,94200.0,2021-10-26
2021102603029119,GUFL,28,39,190,1000.0,190000.0,2021-10-26
2021102604023925,UMHL,58,39,50,472.0,23600.0,2021-10-26
2021102601016837,SRBL,34,34,50,319.9,15995.0,2021-10-26
2021102604023924,PPCL,52,55,100,433.0,43300.0,2021-10-26
2021102601016836,NABIL,29,7,62,1569.0,97278.0,2021-10-26
2021102603029118,CBBL,45,14,10,1720.0,17200.0,2021-10-26
2021102603029117,CBBL,13,14,20,1722.0,34440.0,2021-10-26
2021102601016835,BOKL,14,43,200,358.0,71600.0,2021-10-26
2021102603029116,KSBBL,38,32,100,720.0,72000.0,2021-10-26
2021102603029115,JBBL,25,36,756,518.0,391608.0,2021-10-26
2021102603029114,JBBL,41,36,100,518.0,51800.0,2021-10-26
2021102603029113,JBBL,14,36,35,518.0,18130.0,2021-10-26
2021102603029112,JBBL,58,36,45,518.0,23310.0,2021-10-26
2021102603029111,JBBL,55,36,475,518.0,246050.0,2021-10-26
2021102603029110,JBBL,53,36,25,519.0,12975.0,2021-10-26
2021102603029109,JBBL,52,36,64,520.0,33280.0,2021-10-26
2021102604023923,API,38,36,89,465.0,41385.0,2021-10-26
2021102603029108,NMFBS,22,36,120,3050.0,366000.0,2021-10-26
2021102604023922,API,45,36,16,465.0,7440.0,2021-10-26
2021102603029107,NMFBS,8,36,10,3086.0,30860.0,2021-10-26
2021102604023921,AHPC,26,58,100,479.0,47900.0,2021-10-26
2021102603029106,PFL,58,11,20,640.0,12800.0,2021-10-26
2021102603029105,GBLBS,22,56,10,1013.0,10130.0,2021-10-26
2021102603029104,RLFL,22,34,10,579.0,5790.0,2021-10-26
2021102601016834,NABIL,29,53,122,1569.5,191479.0,2021-10-26
2021102601016833,NABIL,29,1,80,1569.2,125536.0,2021-10-26
2021102601016832,NABIL,29,41,48,1569.0,75312.0,2021-10-26
2021102604023920,UMHL,48,56,10,473.0,4730.0,2021-10-26
2021102604023919,AHPC,41,58,10,479.0,4790.0,2021-10-26
2021102603029103,LBBL,54,36,10,540.0,5400.0,2021-10-26
2021102603029102,JSLBB,8,33,10,3400.0,34000.0,2021-10-26
2021102603029101,JSLBB,8,39,10,3400.0,34000.0,2021-10-26
2021102604023918,UPPER,3,18,10,623.0,6230.0,2021-10-26
2021102601016831,PCBL,16,17,64,481.0,30784.0,2021-10-26
2021102601016830,PCBL,42,17,100,481.0,48100.0,2021-10-26
2021102601016829,PCBL,42,17,100,481.0,48100.0,2021-10-26
2021102601016828,PCBL,42,17,100,481.0,48100.0,2021-10-26
2021102601016827,PCBL,22,17,100,481.0,48100.0,2021-10-26
2021102601016826,PCBL,17,17,150,481.5,72225.0,2021-10-26
2021102601016825,PCBL,42,17,40,481.5,19260.0,2021-10-26
2021102601016824,PCBL,49,17,110,481.5,52965.0,2021-10-26
2021102601016823,PCBL,16,17,50,481.5,24075.0,2021-10-26
2021102601016822,PCBL,57,17,26,481.5,12519.0,2021-10-26
2021102604023917,RRHP,42,49,15,511.0,7665.0,2021-10-26
2021102601016821,MBL,49,49,100,327.4,32740.0,2021-10-26
2021102601016820,NABIL,14,41,10,1569.0,15690.0,2021-10-26
2021102601016819,NABIL,1,41,42,1569.0,65898.0,2021-10-26
2021102601016818,PCBL,57,41,24,481.5,11556.0,2021-10-26
2021102601016817,PCBL,51,41,40,481.5,19260.0,2021-10-26
2021102601016816,PCBL,45,41,208,481.6,100172.8,2021-10-26
2021102601016815,PCBL,45,41,80,481.6,38528.0,2021-10-26
2021102604023916,AKPL,14,45,50,550.0,27500.0,2021-10-26
2021102603029100,SINDU,7,51,11,450.0,4950.0,2021-10-26
2021102604023915,SHPC,43,11,10,414.1,4141.0,2021-10-26
2021102604023914,NHPC,44,59,1480,419.0,620120.0,2021-10-26
2021102604023913,NHPC,44,45,850,419.0,356150.0,2021-10-26
2021102604023912,NHPC,44,41,470,418.5,196695.0,2021-10-26
2021102604023911,NHPC,44,40,200,418.5,83700.0,2021-10-26
2021102603029099,LICN,25,28,10,1985.0,19850.0,2021-10-26
2021102603029098,LICN,25,35,200,1979.9,395980.0,2021-10-26
2021102603029097,GFCL,7,45,15,729.0,10935.0,2021-10-26
2021102604023910,CGH,42,38,10,1452.0,14520.0,2021-10-26
2021102601016814,NABIL,1,26,58,1569.0,91002.0,2021-10-26
2021102601016813,NABIL,38,26,16,1569.0,25104.0,2021-10-26
2021102601016812,NABIL,35,26,26,1569.0,40794.0,2021-10-26
2021102601016811,CBL,44,45,50,242.0,12100.0,2021-10-26
2021102601016810,PCBL,45,38,12,481.7,5780.4,2021-10-26
2021102603029096,KSBBL,38,58,222,720.0,159840.0,2021-10-26
2021102603029095,KSBBL,16,58,50,720.1,36005.0,2021-10-26
2021102601016809,SANIMA,58,58,50,402.6,20130.0,2021-10-26
2021102603029094,KSBBL,39,58,128,721.0,92288.0,2021-10-26
2021102601016808,NABIL,21,1,20,1569.2,31384.0,2021-10-26
2021102604023909,UIC,41,3,10,630.0,6300.0,2021-10-26
2021102604023908,HURJA,55,22,10,451.9,4519.0,2021-10-26
2021102603029093,CFCL,55,35,100,559.0,55900.0,2021-10-26
2021102603029092,CLBSL,57,20,40,1368.1,54724.0,2021-10-26
2021102603029091,CLBSL,29,20,10,1368.1,13681.0,2021-10-26
2021102603029090,CLBSL,35,20,50,1370.0,68500.0,2021-10-26
2021102603029089,CBBL,13,57,30,1722.0,51660.0,2021-10-26
2021102603029088,NRIC,58,54,10,1338.9,13389.0,2021-10-26
2021102603029087,NRIC,20,54,10,1338.9,13389.0,2021-10-26
2021102604023903,KKHC,54,52,30,353.1,10593.0,2021-10-26
2021102601016803,NMB,34,52,70,415.8,29106.0,2021-10-26
2021102603029080,SHINE,50,22,500,509.0,254500.0,2021-10-26
2021102604023902,KKHC,4,52,200,353.1,70620.0,2021-10-26
2021102601016802,NMB,45,52,99,416.0,41184.0,2021-10-26
2021102603029079,SHINE,50,25,700,509.0,356300.0,2021-10-26
2021102603029078,SHINE,50,22,51,508.0,25908.0,2021-10-26
2021102603029077,SHINE,50,50,577,507.6,292885.2,2021-10-26
2021102604023901,SHL,51,32,100,248.0,24800.0,2021-10-26
2021102604023900,OHL,43,13,100,525.0,52500.0,2021-10-26
2021102603029076,NLIC,13,58,100,1733.0,173300.0,2021-10-26
2021102604023899,GLH,35,58,100,482.0,48200.0,2021-10-26
2021102604023898,GLH,35,44,500,482.0,241000.0,2021-10-26
2021102604023897,GLH,35,47,100,479.0,47900.0,2021-10-26
2021102603029075,SHINE,46,35,225,506.1,113872.5,2021-10-26
2021102604023896,GLH,35,34,50,479.0,23950.0,2021-10-26
2021102603029074,KSBBL,39,35,10,721.0,7210.0,2021-10-26
2021102604023895,GLH,35,49,2963,478.0,1416314.0,2021-10-26
2021102603029073,KRBL,36,52,400,430.0,172000.0,2021-10-26
2021102603029072,KRBL,36,41,100,428.0,42800.0,2021-10-26
2021102603029071,DDBL,16,28,142,1298.0,184316.0,2021-10-26
2021102603029070,DDBL,16,41,115,1298.0,149270.0,2021-10-26
2021102604023907,API,49,26,1,468.0,468.0,2021-10-26
2021102603029086,JBBL,52,14,300,520.0,156000.0,2021-10-26
2021102603029085,JBBL,52,32,100,520.0,52000.0,2021-10-26
2021102601016807,NMB,42,52,40,415.0,16600.0,2021-10-26
2021102603029084,JBBL,52,38,136,520.0,70720.0,2021-10-26
2021102604023906,KKHC,40,52,6,353.1,2118.6,2021-10-26
2021102601016806,NMB,36,52,10,415.0,4150.0,2021-10-26
2021102604023905,KKHC,26,52,14,353.1,4943.4,2021-10-26
2021102603029083,SHINE,50,50,22,509.8,11215.6,2021-10-26
2021102601016805,NMB,57,52,100,415.0,41500.0,2021-10-26
2021102603029082,SHINE,50,22,100,509.0,50900.0,2021-10-26
2021102604023904,KKHC,32,52,50,353.1,17655.0,2021-10-26
2021102601016804,NMB,58,52,200,415.8,83160.0,2021-10-26
2021102603029081,SHINE,50,49,50,509.0,25450.0,2021-10-26
2021102603029069,DDBL,16,6,43,1298.0,55814.0,2021-10-26
2021102603029068,CIT,19,39,10,3456.0,34560.0,2021-10-26
2021102603029067,SLBBL,39,39,100,1573.0,157300.0,2021-10-26
2021102603029066,MLBL,25,3,20,628.0,12560.0,2021-10-26
2021102603029065,MLBL,25,47,30,628.0,18840.0,2021-10-26
2021102603029064,SINDU,7,38,100,450.0,45000.0,2021-10-26
2021102603029063,SINDU,7,42,200,449.0,89800.0,2021-10-26
2021102604023894,NHPC,38,40,300,418.5,125550.0,2021-10-26
2021102604023893,RRHP,38,1,10,512.0,5120.0,2021-10-26
2021102601016801,GBIME,45,39,150,399.0,59850.0,2021-10-26
2021102603029062,KSBBL,45,46,28,722.0,20216.0,2021-10-26
2021102601016800,GBIME,45,39,24,399.0,9576.0,2021-10-26
2021102601016799,GBIME,45,41,76,399.0,30324.0,2021-10-26
2021102604023892,GIMES1,45,57,100,21.29,2129.0,2021-10-26
2021102604023891,SICL,33,5,20,1790.0,35800.0,2021-10-26
2021102603029061,USLB,34,48,10,2080.0,20800.0,2021-10-26
2021102601016798,BOKL,1,13,120,357.1,42852.0,2021-10-26
2021102603029060,ICFC,13,40,40,807.0,32280.0,2021-10-26
2021102601016797,BOKL,32,13,30,357.5,10725.0,2021-10-26
2021102603029059,NRN,13,55,100,670.0,67000.0,2021-10-26
2021102601016796,BOKL,6,13,100,357.6,35760.0,2021-10-26
2021102603029058,SHINE,46,57,400,506.1,202440.0,2021-10-26
2021102603029057,KSBBL,38,57,200,721.0,144200.0,2021-10-26
2021102603029056,SLICL,50,34,187,834.1,155976.7,2021-10-26
2021102604023890,NMB50,59,28,1000,12.05,12050.0,2021-10-26
2021102603029055,SLICL,47,34,13,834.5,10848.5,2021-10-26
2021102604023889,NMB50,59,28,900,12.05,10845.0,2021-10-26
2021102603029054,SMB,14,42,100,2676.0,267600.0,2021-10-26
2021102603029053,SMB,42,52,100,2677.0,267700.0,2021-10-26
2021102603029052,JBBL,53,45,25,519.0,12975.0,2021-10-26
2021102603029051,CBBL,13,57,50,1722.0,86100.0,2021-10-26
2021102603029050,ALBSL,56,49,10,1806.9,18069.0,2021-10-26
2021102603029049,MFIL,29,26,55,1129.0,62095.0,2021-10-26
2021102601016795,NMB,45,1,101,416.0,42016.0,2021-10-26
2021102601016794,NMB,29,1,11,416.0,4576.0,2021-10-26
2021102601016793,NICA,33,22,132,830.0,109560.0,2021-10-26
2021102601016792,NICA,38,22,20,830.0,16600.0,2021-10-26
2021102603029048,SWBBL,21,54,10,1593.0,15930.0,2021-10-26
2021102603029047,SHINE,46,21,82,506.1,41500.2,2021-10-26
2021102604023888,GLH,14,21,10,475.0,4750.0,2021-10-26
2021102601016791,EBL,26,33,200,737.0,147400.0,2021-10-26
2021102601016790,EBL,42,33,500,737.0,368500.0,2021-10-26
2021102601016789,EBL,42,33,500,737.0,368500.0,2021-10-26
2021102601016788,EBL,42,33,500,737.0,368500.0,2021-10-26
2021102601016787,EBL,42,33,400,737.0,294800.0,2021-10-26
2021102601016786,SRBL,57,1,100,320.0,32000.0,2021-10-26
2021102601016785,SBI,29,42,35,350.0,12250.0,2021-10-26
2021102603029046,MLBL,4,17,300,627.1,188130.0,2021-10-26
2021102603029045,MLBL,39,17,100,627.2,62720.0,2021-10-26
2021102601016784,BOKL,17,43,30,358.0,10740.0,2021-10-26
2021102603029044,KSBBL,38,46,90,722.0,64980.0,2021-10-26
2021102604023887,HDHPC,34,45,10,334.0,3340.0,2021-10-26
2021102604023886,RRHP,42,14,185,511.0,94535.0,2021-10-26
2021102601016783,MEGA,52,55,40,330.5,13220.0,2021-10-26
2021102604023885,NHPC,48,6,20,418.0,8360.0,2021-10-26
2021102604023884,RRHP,4,39,147,501.0,73647.0,2021-10-26
2021102604023883,RRHP,4,39,500,501.0,250500.0,2021-10-26
2021102604023882,RRHP,17,39,35,501.0,17535.0,2021-10-26
2021102604023881,RRHP,58,39,3000,501.0,1503000.0,2021-10-26
2021102604023880,RRHP,14,39,100,501.0,50100.0,2021-10-26
2021102604023879,RRHP,21,39,500,502.0,251000.0,2021-10-26
2021102604023878,RRHP,18,39,400,502.0,200800.0,2021-10-26
2021102604023877,RRHP,1,39,500,502.8,251400.0,2021-10-26
2021102604023876,RRHP,55,39,1188,502.8,597326.4,2021-10-26
2021102604023875,RRHP,58,39,1000,503.8,503800.0,2021-10-26
2021102604023874,RRHP,33,39,500,503.9,251950.0,2021-10-26
2021102604023873,RRHP,25,39,600,503.9,302340.0,2021-10-26
2021102604023872,RRHP,59,39,100,504.0,50400.0,2021-10-26
2021102604023871,RRHP,22,39,500,504.0,252000.0,2021-10-26
2021102604023870,RRHP,22,39,10,504.0,5040.0,2021-10-26
2021102604023869,RRHP,14,39,100,504.0,50400.0,2021-10-26
2021102604023868,RRHP,28,39,500,504.0,252000.0,2021-10-26
2021102604023867,RRHP,22,39,20,505.0,10100.0,2021-10-26
2021102604023866,RRHP,34,39,250,505.1,126275.0,2021-10-26
2021102604023865,RRHP,38,39,50,506.0,25300.0,2021-10-26
2021102604023864,AKPL,45,45,45,550.0,24750.0,2021-10-26
2021102604023863,AKPL,45,40,155,550.0,85250.0,2021-10-26
2021102604023862,API,45,44,100,465.0,46500.0,2021-10-26
2021102604023861,API,45,28,160,465.0,74400.0,2021-10-26
2021102604023860,API,45,58,144,465.0,66960.0,2021-10-26
2021102603029043,CFCL,58,35,50,559.0,27950.0,2021-10-26
2021102603029042,GBBL,35,4,500,590.0,295000.0,2021-10-26
2021102604023859,NLG,49,21,60,903.0,54180.0,2021-10-26
2021102603029041,NLIC,16,33,10,1730.0,17300.0,2021-10-26
2021102604023858,PICL,48,51,59,702.7,41459.3,2021-10-26
2021102604023857,PICL,48,22,50,702.0,35100.0,2021-10-26
2021102604023856,PICL,48,32,10,700.7,7007.0,2021-10-26
2021102604023855,PICL,48,38,10,700.0,7000.0,2021-10-26
2021102604023854,PICL,48,55,100,700.0,70000.0,2021-10-26
2021102604023853,PICL,48,57,271,700.0,189700.0,2021-10-26
2021102604023852,RHPC,29,21,147,718.0,105546.0,2021-10-26
2021102604023851,RHPC,29,21,53,718.0,38054.0,2021-10-26
2021102603029040,KSBBL,38,45,100,722.0,72200.0,2021-10-26
2021102603029039,KSBBL,38,21,50,722.0,36100.0,2021-10-26
2021102603029038,KSBBL,38,56,60,722.0,43320.0,2021-10-26
2021102603029037,GFCL,7,34,160,728.0,116480.0,2021-10-26
2021102601016782,PRVU,50,37,1100,401.0,441100.0,2021-10-26
2021102603029036,FMDBL,36,14,100,980.2,98020.0,2021-10-26
2021102601016781,EBL,29,16,211,737.1,155528.1,2021-10-26
2021102604023850,HDHPC,7,45,10,334.0,3340.0,2021-10-26
2021102604023849,UMHL,52,4,222,471.0,104562.0,2021-10-26
2021102604023848,UMHL,13,4,100,471.0,47100.0,2021-10-26
2021102604023847,UMHL,26,4,100,471.0,47100.0,2021-10-26
2021102604023846,UMHL,59,4,500,471.0,235500.0,2021-10-26
2021102604023845,UMHL,57,4,28,471.0,13188.0,2021-10-26
2021102603029035,SADBL,47,3,411,400.0,164400.0,2021-10-26
2021102604023844,UMHL,54,4,50,472.0,23600.0,2021-10-26
2021102604023843,HDHPC,45,45,60,334.0,20040.0,2021-10-26
2021102604023842,HDHPC,52,45,50,334.0,16700.0,2021-10-26
2021102604023841,HDHPC,48,45,50,334.0,16700.0,2021-10-26
2021102604023840,HDHPC,21,45,100,334.0,33400.0,2021-10-26
2021102604023839,HDHPC,4,45,289,334.0,96526.0,2021-10-26
2021102604023838,SPDL,44,45,100,479.1,47910.0,2021-10-26
2021102601016780,NICA,29,42,500,833.0,416500.0,2021-10-26
2021102603029034,NLIC,16,19,10,1730.0,17300.0,2021-10-26
2021102603029033,LBBL,35,36,11,540.0,5940.0,2021-10-26
2021102601016779,NBB,11,41,30,420.1,12603.0,2021-10-26
2021102601016778,PCBL,41,38,33,481.7,15896.1,2021-10-26
2021102601016777,PCBL,41,39,167,481.7,80443.9,2021-10-26
2021102604023837,CHCL,14,57,30,600.0,18000.0,2021-10-26
2021102603029032,JBBL,57,45,50,519.0,25950.0,2021-10-26
2021102604023836,SHPC,57,11,90,414.1,37269.0,2021-10-26
2021102603029026,NIFRA,34,5,50,355.0,17750.0,2021-10-26
2021102603029025,NIFRA,34,25,60,355.0,21300.0,2021-10-26
2021102603029024,NIFRA,34,47,1000,354.9,354900.0,2021-10-26
2021102603029023,NIFRA,34,16,550,354.8,195140.0,2021-10-26
2021102604023834,AKPL,35,3,160,548.0,87680.0,2021-10-26
2021102604023833,AKPL,56,3,60,548.1,32886.0,2021-10-26
2021102604023832,AKPL,33,3,50,549.0,27450.0,2021-10-26
2021102604023831,AKPL,38,3,130,549.5,71435.0,2021-10-26
2021102603029022,GILB,4,10,48,2286.0,109728.0,2021-10-26
2021102604023830,NHPC,49,22,20,418.5,8370.0,2021-10-26
2021102603029021,MFIL,49,48,100,1130.0,113000.0,2021-10-26
2021102603029020,KSBBL,41,56,40,722.0,28880.0,2021-10-26
2021102603029019,KSBBL,41,45,50,722.0,36100.0,2021-10-26
2021102603029018,KSBBL,41,35,10,721.0,7210.0,2021-10-26
2021102604023829,BPCL,11,8,21,517.0,10857.0,2021-10-26
2021102604023828,BPCL,42,8,200,517.0,103400.0,2021-10-26
2021102604023827,BPCL,14,8,500,517.0,258500.0,2021-10-26
2021102604023826,BPCL,6,8,200,517.0,103400.0,2021-10-26
2021102604023825,BPCL,7,8,30,517.0,15510.0,2021-10-26
2021102604023824,BPCL,45,8,199,517.0,102883.0,2021-10-26
2021102604023823,API,16,58,100,465.0,46500.0,2021-10-26
2021102603029017,NTC,58,16,171,1170.0,200070.0,2021-10-26
2021102604023835,NIL,48,46,10,1308.0,13080.0,2021-10-26
2021102603029031,NIFRA,34,41,140,355.0,49700.0,2021-10-26
2021102603029030,NIFRA,34,21,50,355.0,17750.0,2021-10-26
2021102603029029,NIFRA,34,57,50,355.0,17750.0,2021-10-26
2021102603029028,NIFRA,34,58,50,355.0,17750.0,2021-10-26
2021102603029027,NIFRA,34,57,50,355.0,17750.0,2021-10-26
2021102603029016,KSBBL,38,38,1500,720.0,1080000.0,2021-10-26
2021102603029015,KSBBL,38,13,200,720.0,144000.0,2021-10-26
2021102603029014,KSBBL,38,58,10,720.0,7200.0,2021-10-26
2021102603029013,KSBBL,38,22,580,720.0,417600.0,2021-10-26
2021102603029012,NTC,58,56,15,1170.0,17550.0,2021-10-26
2021102603029011,NTC,49,56,10,1173.0,11730.0,2021-10-26
2021102604023822,API,58,58,30,465.0,13950.0,2021-10-26
2021102603029010,GBBL,13,4,170,590.0,100300.0,2021-10-26
2021102604023821,PMHPL,13,4,72,331.0,23832.0,2021-10-26
2021102601016776,MEGA,34,57,50,330.0,16500.0,2021-10-26
2021102604023820,NHPC,17,22,25,418.5,10462.5,2021-10-26
2021102604023819,TRH,44,17,200,378.0,75600.0,2021-10-26
2021102604023818,TRH,1,17,100,379.0,37900.0,2021-10-26
2021102601016775,ADBL,38,58,10,525.0,5250.0,2021-10-26
2021102601016774,LBL,34,58,63,338.0,21294.0,2021-10-26
2021102601016773,LBL,34,41,18,338.0,6084.0,2021-10-26
2021102601016772,PRVU,42,37,120,401.0,48120.0,2021-10-26
2021102603029009,GBLBS,54,59,20,1009.0,20180.0,2021-10-26
2021102601016771,NMB,29,46,100,416.0,41600.0,2021-10-26
2021102601016770,NMB,29,46,17,416.0,7072.0,2021-10-26
2021102601016769,NMB,29,35,50,416.0,20800.0,2021-10-26
2021102601016768,NMB,29,57,50,416.0,20800.0,2021-10-26
2021102601016767,NMB,29,49,20,416.0,8320.0,2021-10-26
2021102601016766,NMB,29,52,50,416.0,20800.0,2021-10-26
2021102601016765,NMB,29,59,30,416.0,12480.0,2021-10-26
2021102604023817,NLG,49,57,50,903.0,45150.0,2021-10-26
2021102605002411,SLI,44,14,10,550.1,5501.0,2021-10-26
2021102601016764,CZBIL,33,38,77,307.0,23639.0,2021-10-26
2021102603029008,LICN,41,38,53,1975.0,104675.0,2021-10-26
2021102604023816,LEC,38,56,70,367.0,25690.0,2021-10-26
2021102604023815,LEC,38,49,180,366.0,65880.0,2021-10-26
2021102605002410,ULI,1,32,65,640.0,41600.0,2021-10-26
2021102604023814,MHNL,26,28,100,440.0,44000.0,2021-10-26
2021102605002409,ULI,1,46,10,640.0,6400.0,2021-10-26
2021102605002408,ULI,1,29,10,640.0,6400.0,2021-10-26
2021102605002407,ULI,1,58,10,640.0,6400.0,2021-10-26
2021102605002406,ULI,1,25,320,640.0,204800.0,2021-10-26
2021102605002405,ULI,1,58,10,640.0,6400.0,2021-10-26
2021102601016763,HDL,16,45,25,6840.0,171000.0,2021-10-26
2021102601016762,HDL,10,45,14,6841.0,95774.0,2021-10-26
2021102601016761,HDL,56,45,10,6842.0,68420.0,2021-10-26
2021102601016760,HDL,10,45,76,6843.0,520068.0,2021-10-26
2021102601016759,HDL,22,45,50,6846.0,342300.0,2021-10-26
2021102604023813,CHCL,45,34,100,603.0,60300.0,2021-10-26
2021102601016758,HDL,33,45,73,6846.1,499765.3,2021-10-26
2021102604023812,UMHL,58,49,1725,472.0,814200.0,2021-10-26
2021102604023811,CHCL,34,33,147,602.0,88494.0,2021-10-26
2021102603029007,CIT,17,41,20,3466.0,69320.0,2021-10-26
2021102603029006,GRDBL,49,51,150,393.0,58950.0,2021-10-26
2021102601016757,SBL,13,20,65,498.8,32422.0,2021-10-26
2021102601016756,SBL,13,36,35,498.5,17447.5,2021-10-26
2021102603029005,GRDBL,29,51,50,393.0,19650.0,2021-10-26
2021102603029004,HIDCL,45,35,165,352.0,58080.0,2021-10-26
2021102603029003,HIDCL,45,35,150,352.9,52935.0,2021-10-26
2021102603029002,HIDCL,22,35,85,352.9,29996.5,2021-10-26
2021102603029001,MNBBL,41,54,43,715.1,30749.3,2021-10-26
2021102603029000,MNBBL,59,54,50,716.0,35800.0,2021-10-26
2021102601016755,LBL,29,39,25,337.0,8425.0,2021-10-26
2021102604023810,HDHPC,4,46,200,334.0,66800.0,2021-10-26
2021102601016754,GBIME,28,41,168,399.0,67032.0,2021-10-26
2021102601016753,SCB,49,48,20,538.0,10760.0,2021-10-26
2021102604023809,AIL,49,26,38,726.0,27588.0,2021-10-26
2021102603028999,ALICL,45,39,30,1246.0,37380.0,2021-10-26
2021102603028998,MLBL,4,38,50,627.1,31355.0,2021-10-26
2021102603028997,NIFRA,34,38,50,354.0,17700.0,2021-10-26
2021102601016752,BOKL,21,43,110,358.0,39380.0,2021-10-26
2021102601016751,SHIVM,58,17,60,1387.0,83220.0,2021-10-26
2021102601016750,SHIVM,58,21,10,1383.0,13830.0,2021-10-26
2021102603028996,DDBL,58,6,140,1298.0,181720.0,2021-10-26
2021102603028995,DDBL,58,58,10,1297.9,12979.0,2021-10-26
2021102601016749,SHIVM,58,38,30,1383.0,41490.0,2021-10-26
2021102604023808,NGPL,38,58,200,716.1,143220.0,2021-10-26
2021102601016748,PRVU,58,37,35,401.0,14035.0,2021-10-26
2021102604023807,NLG,41,57,50,903.0,45150.0,2021-10-26
2021102604023806,NHPC,48,51,260,418.0,108680.0,2021-10-26
2021102604023805,NHPC,54,51,500,418.0,209000.0,2021-10-26
2021102601016747,CBL,44,13,85,242.0,20570.0,2021-10-26
2021102604023804,NHPC,52,51,10,418.0,4180.0,2021-10-26
2021102601016746,CBL,50,13,90,242.0,21780.0,2021-10-26
2021102604023803,NHPC,58,51,20,418.3,8366.0,2021-10-26
2021102601016745,CBL,42,13,475,242.0,114950.0,2021-10-26
2021102604023802,NHPC,58,51,50,418.3,20915.0,2021-10-26
2021102605002404,ULI,51,20,10,640.0,6400.0,2021-10-26
2021102601016744,CBL,53,13,50,242.1,12105.0,2021-10-26
2021102605002403,ULI,51,20,10,640.0,6400.0,2021-10-26
2021102604023801,NHPC,16,51,160,418.4,66944.0,2021-10-26
2021102601016743,KBL,38,35,125,279.0,34875.0,2021-10-26
2021102603028994,LLBS,35,57,10,1828.0,18280.0,2021-10-26
2021102603028993,JBBL,5,45,50,519.0,25950.0,2021-10-26
2021102603028992,FMDBL,42,58,2694,1031.8,2779669.2,2021-10-26
2021102603028991,FMDBL,42,25,40,1031.8,41272.0,2021-10-26
2021102603028990,FMDBL,42,34,200,1031.8,206360.0,2021-10-26
2021102603028989,FMDBL,42,49,10,1031.8,10318.0,2021-10-26
2021102603028988,FMDBL,42,17,100,1031.1,103110.0,2021-10-26
2021102603028987,FMDBL,42,42,50,1031.0,51550.0,2021-10-26
2021102603028986,FMDBL,42,6,100,1031.0,103100.0,2021-10-26
2021102603028985,FMDBL,42,58,100,1031.0,103100.0,2021-10-26
2021102603028984,FMDBL,42,1,300,1030.0,309000.0,2021-10-26
2021102603028983,FMDBL,42,6,600,1030.0,618000.0,2021-10-26
2021102603028982,FMDBL,42,38,100,1030.0,103000.0,2021-10-26
2021102603028981,FMDBL,42,21,100,1030.0,103000.0,2021-10-26
2021102603028980,FMDBL,42,45,10,1030.0,10300.0,2021-10-26
2021102603028979,FMDBL,42,13,200,1030.0,206000.0,2021-10-26
2021102603028978,FMDBL,42,45,18,1029.0,18522.0,2021-10-26
2021102603028977,FMDBL,42,16,100,1029.0,102900.0,2021-10-26
2021102603028976,FMDBL,42,8,50,1029.0,51450.0,2021-10-26
2021102603028975,FMDBL,42,53,100,1025.0,102500.0,2021-10-26
2021102603028974,FMDBL,42,1,128,1025.0,131200.0,2021-10-26
2021102603028973,FMDBL,42,47,200,1010.0,202000.0,2021-10-26
2021102604023800,UPCL,17,34,194,409.0,79346.0,2021-10-26
2021102603028972,LICN,41,34,100,1975.0,197500.0,2021-10-26
2021102604023799,UPCL,29,34,306,409.0,125154.0,2021-10-26
2021102601016742,MEGA,34,14,100,330.0,33000.0,2021-10-26
2021102603028971,FMDBL,36,14,10,980.2,9802.0,2021-10-26
2021102604023798,AHPC,32,58,160,479.0,76640.0,2021-10-26
2021102603028970,LICN,41,19,30,1975.0,59250.0,2021-10-26
2021102603028969,MLBL,58,36,91,627.1,57066.1,2021-10-26
2021102603028968,MLBL,34,36,89,628.5,55936.5,2021-10-26
2021102603028967,GBBL,32,36,100,589.0,58900.0,2021-10-26
2021102603028966,RLFL,57,39,54,577.3,31174.2,2021-10-26
2021102603028965,RLFL,52,39,11,578.0,6358.0,2021-10-26
2021102603028964,NUBL,39,58,22,1527.0,33594.0,2021-10-26
2021102603028963,NUBL,39,57,40,1527.0,61080.0,2021-10-26
2021102603028962,PFL,46,11,200,640.0,128000.0,2021-10-26
2021102604023797,HPPL,26,44,10,491.2,4912.0,2021-10-26
2021102604023796,UPPER,3,37,185,623.0,115255.0,2021-10-26
2021102604023795,UPPER,49,37,50,623.0,31150.0,2021-10-26
2021102604023794,UPPER,53,37,200,623.0,124600.0,2021-10-26
2021102604023793,UPPER,35,37,30,623.0,18690.0,2021-10-26
2021102604023792,UPPER,50,37,35,623.0,21805.0,2021-10-26
2021102601016741,CZBIL,45,57,100,308.0,30800.0,2021-10-26
2021102604023791,NHPC,58,22,45,418.5,18832.5,2021-10-26
2021102603028961,RLFL,13,55,500,579.0,289500.0,2021-10-26
2021102603028960,NFS,57,48,20,590.0,11800.0,2021-10-26
2021102601016740,NABIL,35,17,222,1569.0,348318.0,2021-10-26
2021102603028959,SLBBL,44,39,102,1573.0,160446.0,2021-10-26
2021102604023790,HPPL,38,44,654,491.2,321244.8,2021-10-26
2021102604023789,HPPL,38,52,200,491.2,98240.0,2021-10-26
2021102604023788,HPPL,38,49,146,491.2,71715.2,2021-10-26
2021102604023787,PMHPL,38,4,90,330.0,29700.0,2021-10-26
2021102603028958,SADBL,47,3,112,400.0,44800.0,2021-10-26
2021102603028957,SADBL,14,3,50,400.0,20000.0,2021-10-26
2021102603028956,SADBL,47,3,100,400.0,40000.0,2021-10-26
2021102603028955,SADBL,47,3,150,400.0,60000.0,2021-10-26
2021102604023786,PSF,34,52,3000,9.58,28740.0,2021-10-26
2021102603028954,SADBL,13,3,15,400.0,6000.0,2021-10-26
2021102603028953,SADBL,47,3,12,401.0,4812.0,2021-10-26
2021102601016739,BOKL,1,43,200,358.0,71600.0,2021-10-26
2021102603028952,SADBL,34,3,150,401.0,60150.0,2021-10-26
2021102604023785,RRHP,28,34,180,510.0,91800.0,2021-10-26
2021102604023784,LEC,29,49,200,366.0,73200.0,2021-10-26
2021102604023783,RHPC,29,16,447,718.0,320946.0,2021-10-26
2021102603028951,MERO,14,42,20,1489.0,29780.0,2021-10-26
2021102601016738,PCBL,49,39,600,481.7,289020.0,2021-10-26
2021102603028950,PFL,32,32,60,639.0,38340.0,2021-10-26
2021102603028949,PFL,59,32,50,639.0,31950.0,2021-10-26
2021102603028948,PFL,32,32,90,639.0,57510.0,2021-10-26
2021102603028947,KSBBL,52,22,55,720.0,39600.0,2021-10-26
2021102604023782,CGH,42,36,10,1452.0,14520.0,2021-10-26
2021102604023781,UMRH,38,54,10,560.0,5600.0,2021-10-26
2021102604023780,LEC,45,49,905,366.0,331230.0,2021-10-26
2021102604023779,LEC,45,5,95,365.0,34675.0,2021-10-26
2021102603028946,SHINE,29,58,100,506.0,50600.0,2021-10-26
2021102603028945,SHINE,45,58,50,506.0,25300.0,2021-10-26
2021102603028944,RLFL,58,53,10,580.8,5808.0,2021-10-26
2021102603028943,CIT,48,35,10,3467.0,34670.0,2021-10-26
2021102604023778,SICL,57,5,20,1790.0,35800.0,2021-10-26
2021102603028942,KSBBL,44,22,500,720.0,360000.0,2021-10-26
2021102603028941,MLBL,34,29,400,628.0,251200.0,2021-10-26
2021102603028940,MLBL,34,16,100,628.0,62800.0,2021-10-26
2021102603028939,MLBL,34,33,411,628.0,258108.0,2021-10-26
2021102604023777,SPDL,44,34,40,479.1,19164.0,2021-10-26
2021102603028938,KSBBL,33,22,300,720.0,216000.0,2021-10-26
2021102603028937,KSBBL,36,22,40,720.0,28800.0,2021-10-26
2021102603028936,KSBBL,16,22,347,720.0,249840.0,2021-10-26
2021102603028935,KSBBL,6,22,100,720.0,72000.0,2021-10-26
2021102603028934,KSBBL,33,22,78,720.0,56160.0,2021-10-26
2021102603028933,NABBC,3,47,500,710.0,355000.0,2021-10-26
2021102603028932,USLB,32,6,10,2099.0,20990.0,2021-10-26
2021102604023776,BPCL,45,13,10,517.0,5170.0,2021-10-26
2021102604023775,AHPC,25,58,12,479.0,5748.0,2021-10-26
2021102601016737,NBB,22,28,20,420.5,8410.0,2021-10-26
2021102601016736,GBIME,41,21,10,398.9,3989.0,2021-10-26
2021102604023774,BARUN,58,3,18,484.4,8719.2,2021-10-26
2021102603028931,SDLBSL,57,48,15,1355.0,20325.0,2021-10-26
2021102603028930,JSLBB,8,29,10,3390.0,33900.0,2021-10-26
2021102601016735,BOKL,5,43,10,358.0,3580.0,2021-10-26
2021102603028929,KSBBL,33,42,22,720.0,15840.0,2021-10-26
2021102603028928,KSBBL,49,42,78,720.0,56160.0,2021-10-26
2021102601016734,HDL,25,34,10,6850.0,68500.0,2021-10-26
2021102603028927,SHINE,56,34,20,507.0,10140.0,2021-10-26
2021102604023773,NIBSF2,7,34,100,9.76,976.0,2021-10-26
2021102601016733,NABIL,35,26,30,1569.0,47070.0,2021-10-26
2021102604023772,UPPER,50,41,30,623.0,18690.0,2021-10-26
2021102601016732,NABIL,35,25,222,1569.0,348318.0,2021-10-26
2021102604023771,NHPC,49,22,74,418.5,30969.0,2021-10-26
2021102604023770,DHPL,40,57,50,341.0,17050.0,2021-10-26
2021102604023769,RHPC,36,16,53,718.0,38054.0,2021-10-26
2021102604023768,RHPC,36,47,447,718.0,320946.0,2021-10-26
2021102603028926,NLIC,16,19,59,1730.0,102070.0,2021-10-26
2021102603028925,JBBL,38,45,107,519.0,55533.0,2021-10-26
2021102603028924,JBBL,42,45,516,519.0,267804.0,2021-10-26
2021102603028923,JBBL,7,45,100,519.0,51900.0,2021-10-26
2021102603028922,JBBL,35,45,20,519.0,10380.0,2021-10-26
2021102603028921,JBBL,48,45,307,519.0,159333.0,2021-10-26
2021102603028920,JBBL,49,45,20,519.1,10382.0,2021-10-26
2021102603028919,JBBL,45,45,100,519.1,51910.0,2021-10-26
2021102603028918,JBBL,53,45,10,519.2,5192.0,2021-10-26
2021102603028917,RLI,21,57,100,528.0,52800.0,2021-10-26
2021102603028916,KSBBL,49,21,22,720.0,15840.0,2021-10-26
2021102603028915,KSBBL,42,21,78,720.0,56160.0,2021-10-26
2021102603028914,GBBL,58,4,1000,590.0,590000.0,2021-10-26
2021102603028913,KSBBL,42,58,50,720.0,36000.0,2021-10-26
2021102603028912,KSBBL,4,58,50,722.0,36100.0,2021-10-26
2021102603028911,NRIC,58,57,10,1336.0,13360.0,2021-10-26
2021102603028910,NRIC,45,57,40,1336.0,53440.0,2021-10-26
2021102604023767,AHPC,19,58,50,479.0,23950.0,2021-10-26
2021102603028909,DDBL,42,6,100,1298.0,129800.0,2021-10-26
2021102603028908,MNBBL,59,13,85,716.0,60860.0,2021-10-26
2021102603028907,NIFRA,34,39,69,353.3,24377.7,2021-10-26
2021102603028906,JFL,34,17,10,638.0,6380.0,2021-10-26
2021102604023766,AKPL,50,40,250,550.0,137500.0,2021-10-26
2021102603028905,NIFRA,41,39,100,353.3,35330.0,2021-10-26
2021102601016731,SANIMA,58,13,50,402.6,20130.0,2021-10-26
2021102603028904,CHDC,34,52,10,899.0,8990.0,2021-10-26
2021102601016730,NBL,34,17,8,488.0,3904.0,2021-10-26
2021102601016729,NBL,34,38,100,488.0,48800.0,2021-10-26
2021102604023765,UMHL,57,58,22,471.0,10362.0,2021-10-26
2021102604023764,UMHL,17,58,50,471.0,23550.0,2021-10-26
2021102604023763,UMHL,43,58,150,471.1,70665.0,2021-10-26
2021102604023762,SICL,33,34,40,1790.1,71604.0,2021-10-26
2021102604023761,SICL,33,57,20,1790.1,35802.0,2021-10-26
2021102604023760,NHPC,57,22,25,418.5,10462.5,2021-10-26
2021102603028903,GLBSL,25,42,20,1405.0,28100.0,2021-10-26
2021102601016728,NBL,34,39,92,488.0,44896.0,2021-10-26
2021102601016727,NBL,44,39,100,488.0,48800.0,2021-10-26
2021102601016726,NBL,8,39,80,488.0,39040.0,2021-10-26
2021102601016725,NBL,49,39,228,488.0,111264.0,2021-10-26
2021102604023759,NHPC,14,22,10,418.5,4185.0,2021-10-26
2021102604023758,NHPC,57,22,200,418.5,83700.0,2021-10-26
2021102604023757,NHPC,28,22,20,418.5,8370.0,2021-10-26
2021102604023756,NHPC,58,22,30,418.5,12555.0,2021-10-26
2021102604023755,NHPC,59,22,50,418.5,20925.0,2021-10-26
2021102604023754,CGH,42,14,100,1452.0,145200.0,2021-10-26
2021102603028902,SADBL,47,14,50,402.0,20100.0,2021-10-26
2021102601016724,CBL,35,38,300,242.5,72750.0,2021-10-26
2021102604023753,CHCL,34,49,100,602.0,60200.0,2021-10-26
2021102603028901,JBBL,40,38,100,520.0,52000.0,2021-10-26
2021102603028900,SMFBS,8,14,131,2689.0,352259.0,2021-10-26
2021102603028899,SMFBS,8,14,100,2688.9,268890.0,2021-10-26
2021102603028898,SMFBS,8,29,25,2688.0,67200.0,2021-10-26
2021102603028897,SMFBS,8,58,14,2687.0,37618.0,2021-10-26
2021102603028896,SMFBS,8,34,80,2679.0,214320.0,2021-10-26
2021102604023752,MHNL,38,28,100,440.0,44000.0,2021-10-26
2021102604023751,UMHL,43,3,50,471.1,23555.0,2021-10-26
2021102604023750,UMHL,58,3,50,471.1,23555.0,2021-10-26
2021102601016723,SHIVM,58,26,50,1382.0,69100.0,2021-10-26
2021102603028895,SHINE,58,50,50,507.6,25380.0,2021-10-26
2021102601016722,ADBL,50,58,228,525.0,119700.0,2021-10-26
2021102604023749,NICL,45,33,50,813.0,40650.0,2021-10-26
2021102604023748,SHPC,25,48,485,413.0,200305.0,2021-10-26
2021102601016721,NABIL,20,26,50,1568.0,78400.0,2021-10-26
2021102604023747,SHPC,57,48,100,413.0,41300.0,2021-10-26
2021102604023746,SHPC,47,48,50,413.0,20650.0,2021-10-26
2021102604023745,SHPC,7,48,45,413.0,18585.0,2021-10-26
2021102604023744,SHPC,20,48,50,414.0,20700.0,2021-10-26
2021102604023743,SHPC,45,48,100,414.0,41400.0,2021-10-26
2021102603028894,MLBL,57,33,200,628.0,125600.0,2021-10-26
2021102601016720,NBB,8,28,80,420.5,33640.0,2021-10-26
2021102601016719,GBIME,3,41,20,399.0,7980.0,2021-10-26
2021102604023742,SHPC,43,50,73,415.0,30295.0,2021-10-26
2021102601016718,NBL,26,34,25,488.9,12222.5,2021-10-26
2021102603028893,CBBL,45,42,40,1719.0,68760.0,2021-10-26
2021102603028892,LBBL,45,36,20,540.0,10800.0,2021-10-26
2021102604023741,UPPER,45,57,100,625.0,62500.0,2021-10-26
2021102603028891,LBBL,45,38,30,540.0,16200.0,2021-10-26
2021102604023740,AIL,42,58,10,725.0,7250.0,2021-10-26
2021102604023739,UPCL,41,7,500,410.0,205000.0,2021-10-26
2021102601016714,CZBIL,37,17,100,306.0,30600.0,2021-10-26
2021102601016713,CZBIL,42,17,100,306.0,30600.0,2021-10-26
2021102601016712,CZBIL,59,17,50,306.0,15300.0,2021-10-26
2021102601016711,CZBIL,34,17,77,307.0,23639.0,2021-10-26
2021102604023738,AHPC,6,39,15,477.1,7156.5,2021-10-26
2021102603028889,NIFRA,58,39,11,354.0,3894.0,2021-10-26
2021102604023737,AHPC,4,39,20,478.9,9578.0,2021-10-26
2021102601016710,GBIME,38,43,25,398.9,9972.5,2021-10-26
2021102603028888,KSBBL,42,22,250,720.0,180000.0,2021-10-26
2021102603028887,KSBBL,29,22,250,720.0,180000.0,2021-10-26
2021102603028886,ICFC,28,40,20,807.0,16140.0,2021-10-26
2021102603028885,ICFC,28,51,10,806.5,8065.0,2021-10-26
2021102603028884,ICFC,28,32,600,805.0,483000.0,2021-10-26
2021102603028883,ICFC,28,50,160,805.0,128800.0,2021-10-26
2021102603028882,ICFC,28,36,100,805.0,80500.0,2021-10-26
2021102603028881,ICFC,28,34,100,805.0,80500.0,2021-10-26
2021102603028880,ICFC,28,42,140,805.0,112700.0,2021-10-26
2021102603028879,ICFC,28,22,20,805.0,16100.0,2021-10-26
2021102603028878,ICFC,28,45,50,805.0,40250.0,2021-10-26
2021102604023736,API,47,58,100,465.0,46500.0,2021-10-26
2021102603028877,GBBL,50,4,60,590.0,35400.0,2021-10-26
2021102601016709,SANIMA,35,58,50,402.8,20140.0,2021-10-26
2021102603028890,MLBL,57,16,50,627.9,31395.0,2021-10-26
2021102601016717,GBIME,13,41,75,399.0,29925.0,2021-10-26
2021102601016716,GBIME,13,43,25,398.9,9972.5,2021-10-26
2021102601016715,CZBIL,50,17,673,306.0,205938.0,2021-10-26
2021102601016708,PCBL,51,39,30,481.7,14451.0,2021-10-26
2021102604023735,API,39,58,1000,465.0,465000.0,2021-10-26
2021102604023734,NICL,45,45,50,813.0,40650.0,2021-10-26
2021102601016707,NBB,59,28,100,420.5,42050.0,2021-10-26
2021102601016706,NABIL,48,26,20,1568.0,31360.0,2021-10-26
2021102604023733,LEC,41,5,30,365.0,10950.0,2021-10-26
2021102604023732,LEC,10,5,125,365.0,45625.0,2021-10-26
2021102604023731,LEC,41,5,50,365.0,18250.0,2021-10-26
2021102603028876,KSBBL,29,5,200,720.0,144000.0,2021-10-26
2021102604023730,LEC,16,5,100,366.0,36600.0,2021-10-26
2021102603028875,KSBBL,45,5,300,722.0,216600.0,2021-10-26
2021102604023729,LEC,56,5,30,366.0,10980.0,2021-10-26
2021102603028874,KSBBL,22,5,150,722.0,108300.0,2021-10-26
2021102604023728,LEC,55,5,70,366.9,25683.0,2021-10-26
2021102604023727,PMHPL,4,4,50,330.0,16500.0,2021-10-26
2021102604023726,PMHPL,14,4,20,330.0,6600.0,2021-10-26
2021102604023725,PMHPL,56,4,50,330.0,16500.0,2021-10-26
2021102604023724,PMHPL,22,4,290,330.0,95700.0,2021-10-26
2021102604023723,NHPC,41,45,50,419.0,20950.0,2021-10-26
2021102601016705,SHIVM,40,38,10,1383.0,13830.0,2021-10-26
2021102601016704,RBCLPO,32,45,10,14147.0,141470.0,2021-10-26
2021102601016703,RBCLPO,32,59,20,14140.0,282800.0,2021-10-26
2021102601016702,RBCLPO,32,38,30,14139.0,424170.0,2021-10-26
2021102601016701,RBCLPO,32,38,30,14138.0,424140.0,2021-10-26
2021102604023722,SJCL,38,43,50,393.9,19695.0,2021-10-26
2021102604023721,SJCL,38,45,20,393.9,7878.0,2021-10-26
2021102601016700,GBIME,33,34,100,398.9,39890.0,2021-10-26
2021102601016699,GBIME,33,16,45,398.9,17950.5,2021-10-26
2021102603028873,KSBBL,22,57,50,722.0,36100.0,2021-10-26
2021102603028872,FMDBL,42,1,72,1025.0,73800.0,2021-10-26
2021102603028871,FMDBL,42,36,200,1025.0,205000.0,2021-10-26
2021102603028870,FMDBL,42,48,10,1025.0,10250.0,2021-10-26
2021102603028869,FMDBL,42,35,50,1023.9,51195.0,2021-10-26
2021102603028868,FMDBL,42,14,4000,1023.0,4092000.0,2021-10-26
2021102603028867,FMDBL,42,32,50,1023.0,51150.0,2021-10-26
2021102603028866,FMDBL,42,6,500,1023.0,511500.0,2021-10-26
2021102603028865,FMDBL,42,5,23,1022.0,23506.0,2021-10-26
2021102603028864,FMDBL,42,1,40,1015.0,40600.0,2021-10-26
2021102603028863,FMDBL,42,42,10,1010.0,10100.0,2021-10-26
2021102603028862,FMDBL,42,33,45,1007.8,45351.0,2021-10-26
2021102603028861,HIDCL,6,34,609,353.0,214977.0,2021-10-26
2021102603028860,HIDCL,6,34,791,352.9,279143.9,2021-10-26
2021102603028859,RMDC,14,34,18,1570.0,28260.0,2021-10-26
2021102603028858,RMDC,16,34,500,1570.1,785050.0,2021-10-26
2021102603028857,RMDC,34,34,900,1571.0,1413900.0,2021-10-26
2021102603028856,RMDC,48,34,82,1572.0,128904.0,2021-10-26
2021102604023720,PMHPL,22,10,10,330.0,3300.0,2021-10-26
2021102604023719,BARUN,35,3,31,484.4,15016.4,2021-10-26
2021102604023718,BARUN,35,5,36,484.4,17438.4,2021-10-26
2021102603028855,FOWAD,25,35,60,2833.1,169986.0,2021-10-26
2021102603028854,GFCL,7,36,30,728.0,21840.0,2021-10-26
2021102601016698,SBL,13,36,30,498.5,14955.0,2021-10-26
2021102601016697,SBL,13,58,20,498.0,9960.0,2021-10-26
2021102603028853,MNBBL,8,13,50,716.0,35800.0,2021-10-26
2021102603028852,FOWAD,25,29,10,2833.0,28330.0,2021-10-26
2021102601016696,CBL,57,38,20,242.5,4850.0,2021-10-26
2021102603028851,MLBL,40,16,50,627.9,31395.0,2021-10-26
2021102603028850,CFCL,57,16,100,558.0,55800.0,2021-10-26
2021102601016695,CBL,57,38,20,242.5,4850.0,2021-10-26
2021102601016694,CBL,34,38,200,242.5,48500.0,2021-10-26
2021102601016693,CBL,25,38,64,242.5,15520.0,2021-10-26
2021102603028849,NRIC,6,3,10,1339.8,13398.0,2021-10-26
2021102603028848,NRIC,6,19,40,1338.0,53520.0,2021-10-26
2021102603028847,GBBL,45,44,100,589.0,58900.0,2021-10-26
2021102603028846,JBBL,1,38,100,520.0,52000.0,2021-10-26
2021102601016692,NBB,37,58,20,420.0,8400.0,2021-10-26
2021102604023717,NMB50,59,28,100,12.05,1205.0,2021-10-26
2021102604023716,NHPC,20,45,10,419.0,4190.0,2021-10-26
2021102603028845,HIDCL,45,48,150,352.0,52800.0,2021-10-26
2021102601016691,ADBL,50,8,272,525.0,142800.0,2021-10-26
2021102601016690,ADBL,58,8,728,525.0,382200.0,2021-10-26
2021102601016689,NMB,34,14,80,415.8,33264.0,2021-10-26
2021102603028844,KSBBL,22,58,300,722.0,216600.0,2021-10-26
2021102601016688,HDL,35,57,45,6890.0,310050.0,2021-10-26
2021102601016687,HDL,35,21,50,6890.0,344500.0,2021-10-26
2021102601016686,HDL,35,54,200,6890.0,1378000.0,2021-10-26
2021102601016685,HDL,35,26,50,6885.0,344250.0,2021-10-26
2021102601016684,HDL,35,14,10,6882.0,68820.0,2021-10-26
2021102601016683,HDL,35,21,10,6880.0,68800.0,2021-10-26
2021102601016682,HDL,35,45,100,6880.0,688000.0,2021-10-26
2021102601016681,HDL,35,38,50,6880.0,344000.0,2021-10-26
2021102601016680,HDL,35,22,40,6880.0,275200.0,2021-10-26
2021102601016679,HDL,35,55,50,6880.0,344000.0,2021-10-26
2021102601016678,HDL,35,34,10,6880.0,68800.0,2021-10-26
2021102601016677,HDL,35,58,10,6879.9,68799.0,2021-10-26
2021102601016676,HDL,35,5,10,6879.8,68798.0,2021-10-26
2021102601016675,HDL,35,49,20,6875.0,137500.0,2021-10-26
2021102601016674,HDL,35,19,10,6870.0,68700.0,2021-10-26
2021102601016673,HDL,35,49,10,6870.0,68700.0,2021-10-26
2021102601016672,HDL,35,33,10,6869.0,68690.0,2021-10-26
2021102601016671,HDL,35,14,30,6868.0,206040.0,2021-10-26
2021102601016670,HDL,35,56,20,6867.0,137340.0,2021-10-26
2021102601016669,HDL,35,52,35,6867.0,240345.0,2021-10-26
2021102601016668,HDL,35,58,30,6866.0,205980.0,2021-10-26
2021102601016667,HDL,35,59,50,6865.0,343250.0,2021-10-26
2021102601016666,HDL,35,59,20,6860.0,137200.0,2021-10-26
2021102601016665,HDL,35,4,10,6860.0,68600.0,2021-10-26
2021102601016664,HDL,35,48,10,6855.0,68550.0,2021-10-26
2021102601016663,HDL,35,58,110,6850.0,753500.0,2021-10-26
2021102601016662,BOKL,1,43,50,358.0,17900.0,2021-10-26
2021102601016661,BOKL,38,43,108,358.0,38664.0,2021-10-26
2021102603028843,KSBBL,29,51,50,720.0,36000.0,2021-10-26
2021102603028842,KSBBL,38,51,100,720.0,72000.0,2021-10-26
2021102603028841,KSBBL,4,51,50,720.0,36000.0,2021-10-26
2021102604023715,API,26,58,10,465.0,4650.0,2021-10-26
2021102604023714,API,38,58,50,465.0,23250.0,2021-10-26
2021102603028840,MLBL,45,33,200,628.0,125600.0,2021-10-26
2021102603028839,NIFRA,58,38,20,354.0,7080.0,2021-10-26
2021102603028838,NIFRA,58,58,25,353.3,8832.5,2021-10-26
2021102604023713,MHNL,57,28,100,440.0,44000.0,2021-10-26
2021102603028837,NIFRA,57,58,25,353.3,8832.5,2021-10-26
2021102603028836,SLBBL,44,17,98,1573.0,154154.0,2021-10-26
2021102603028835,PFL,19,11,235,640.0,150400.0,2021-10-26
2021102601016660,HDL,19,58,30,6850.0,205500.0,2021-10-26
2021102604023712,UMHL,19,49,10,472.0,4720.0,2021-10-26
2021102603028834,HIDCL,42,34,100,352.9,35290.0,2021-10-26
2021102603028833,CBBL,58,42,10,1719.0,17190.0,2021-10-26
2021102603028832,CBBL,59,42,10,1719.0,17190.0,2021-10-26
2021102604023711,AHPC,42,58,35,479.0,16765.0,2021-10-26
2021102603028831,CBBL,41,42,20,1719.0,34380.0,2021-10-26
2021102604023710,AHPC,42,28,65,478.9,31128.5,2021-10-26
2021102603028830,CBBL,35,42,10,1720.0,17200.0,2021-10-26
2021102604023709,SJCL,38,52,90,393.9,35451.0,2021-10-26
2021102603028829,RLFL,52,28,89,578.0,51442.0,2021-10-26
2021102603028828,RLFL,45,28,50,578.5,28925.0,2021-10-26
2021102603028827,CHDC,34,47,20,899.0,17980.0,2021-10-26
2021102604023708,RRHP,32,34,20,510.0,10200.0,2021-10-26
2021102601016659,NBL,49,32,100,488.0,48800.0,2021-10-26
2021102603028826,DDBL,44,6,250,1298.0,324500.0,2021-10-26
2021102604023707,UPCL,29,58,100,409.0,40900.0,2021-10-26
2021102604023706,HDHPC,58,45,20,336.0,6720.0,2021-10-26
2021102604023705,PMHPL,22,48,200,330.0,66000.0,2021-10-26
2021102604023704,PMHPL,49,48,370,330.0,122100.0,2021-10-26
2021102603028825,NLBBL,50,48,10,1421.0,14210.0,2021-10-26
2021102604023703,PMHPL,55,48,10,330.0,3300.0,2021-10-26
2021102604023702,AHPC,54,28,100,478.9,47890.0,2021-10-26
2021102604023701,CHCL,34,4,287,602.0,172774.0,2021-10-26
2021102603028824,JBBL,42,42,197,519.2,102282.4,2021-10-26
2021102604023700,CHCL,34,59,100,602.0,60200.0,2021-10-26
2021102603028823,JBBL,32,42,103,519.2,53477.6,2021-10-26
2021102604023699,CHCL,34,47,100,602.0,60200.0,2021-10-26
2021102604023698,CHCL,34,32,100,602.0,60200.0,2021-10-26
2021102604023697,CHCL,34,52,36,602.0,21672.0,2021-10-26
2021102604023696,CHCL,34,37,250,601.0,150250.0,2021-10-26
2021102604023695,CHCL,34,14,500,601.0,300500.0,2021-10-26
2021102604023694,CHCL,34,48,250,600.9,150225.0,2021-10-26
2021102604023693,CHCL,34,52,50,600.9,30045.0,2021-10-26
2021102603028822,MLBSL,38,58,10,5120.0,51200.0,2021-10-26
2021102604023692,CHCL,34,26,60,600.5,36030.0,2021-10-26
2021102604023691,CHCL,34,45,20,600.4,12008.0,2021-10-26
2021102603028821,FOWAD,58,47,50,2832.1,141605.0,2021-10-26
2021102603028820,PFL,32,55,10,639.0,6390.0,2021-10-26
2021102604023690,API,49,58,40,465.0,18600.0,2021-10-26
2021102603028819,PFL,32,56,135,639.0,86265.0,2021-10-26
2021102603028818,PROFL,26,6,45,427.3,19228.5,2021-10-26
2021102603028817,LBBL,26,38,70,540.0,37800.0,2021-10-26
2021102601016658,EBL,45,29,50,738.0,36900.0,2021-10-26
2021102604023689,PSF,59,58,100,9.53,953.0,2021-10-26
2021102601016657,NBL,49,58,100,488.0,48800.0,2021-10-26
2021102604023688,AHPC,20,28,150,478.9,71835.0,2021-10-26
2021102603028816,SIFC,47,28,10,540.8,5408.0,2021-10-26
2021102603028815,SIFC,47,22,490,540.2,264698.0,2021-10-26
2021102601016656,NABIL,42,26,40,1568.0,62720.0,2021-10-26
2021102603028814,NTC,51,25,10,1175.0,11750.0,2021-10-26
2021102603028813,NTC,51,38,10,1174.9,11749.0,2021-10-26
2021102603028812,NTC,51,58,20,1174.0,23480.0,2021-10-26
2021102603028811,NTC,51,17,10,1173.0,11730.0,2021-10-26
2021102603028810,NIFRA,19,38,40,353.2,14128.0,2021-10-26
2021102603028809,NIFRA,50,38,10,353.3,3533.0,2021-10-26
2021102601016655,KBL,38,4,60,279.0,16740.0,2021-10-26
2021102604023687,AHPC,21,28,10,478.9,4789.0,2021-10-26
2021102601016654,SANIMA,47,57,30,403.0,12090.0,2021-10-26
2021102603028808,CHDC,34,49,1450,899.0,1303550.0,2021-10-26
2021102603028807,CHDC,19,49,50,899.9,44995.0,2021-10-26
2021102604023686,TRH,58,16,30,380.0,11400.0,2021-10-26
2021102604023685,TRH,17,16,50,380.0,19000.0,2021-10-26
2021102604023684,TRH,34,16,15,380.0,5700.0,2021-10-26
2021102603028806,LBBL,26,6,20,540.0,10800.0,2021-10-26
2021102604023683,AKPL,38,3,150,549.5,82425.0,2021-10-26
2021102603028805,MLBL,40,58,50,627.9,31395.0,2021-10-26
2021102601016653,EBL,42,58,100,737.0,73700.0,2021-10-26
2021102601016652,HDL,58,58,10,6850.0,68500.0,2021-10-26
2021102603028804,NABBC,55,47,200,711.0,142200.0,2021-10-26
2021102601016651,MEGA,34,33,115,330.0,37950.0,2021-10-26
2021102604023682,API,47,58,200,465.0,93000.0,2021-10-26
2021102603028803,NABBC,56,47,20,711.0,14220.0,2021-10-26
2021102603028802,NIFRA,50,56,60,353.3,21198.0,2021-10-26
2021102603028801,JLI,42,57,10,605.0,6050.0,2021-10-26
2021102603028800,NMFBS,57,7,10,3100.0,31000.0,2021-10-26
2021102603028799,MERO,28,17,15,1481.0,22215.0,2021-10-26
2021102601016650,NBB,13,28,100,420.5,42050.0,2021-10-26
2021102603028798,SADBL,34,49,150,401.0,60150.0,2021-10-26
2021102601016649,MBL,36,34,4850,327.0,1585950.0,2021-10-26
2021102603028797,SADBL,34,3,500,401.0,200500.0,2021-10-26
2021102603028796,SADBL,34,21,100,401.0,40100.0,2021-10-26
2021102601016648,MBL,57,34,100,327.1,32710.0,2021-10-26
2021102603028795,SADBL,34,51,100,401.0,40100.0,2021-10-26
2021102601016647,MBL,54,34,50,327.2,16360.0,2021-10-26
2021102603028794,RLFL,3,53,680,580.8,394944.0,2021-10-26
2021102603028793,RLFL,3,51,1000,579.0,579000.0,2021-10-26
2021102603028792,RLFL,3,52,200,579.0,115800.0,2021-10-26
2021102603028791,RLFL,3,48,120,579.0,69480.0,2021-10-26
2021102603028790,DDBL,41,6,35,1298.0,45430.0,2021-10-26
2021102603028789,LICN,41,49,10,1975.0,19750.0,2021-10-26
2021102601016646,SRBL,35,1,40,320.0,12800.0,2021-10-26
2021102601016645,BOKL,29,6,200,358.5,71700.0,2021-10-26
2021102601016644,NICA,29,58,500,835.0,417500.0,2021-10-26
2021102601016643,HDL,16,58,200,6850.0,1370000.0,2021-10-26
2021102601016642,NABIL,38,26,10,1568.0,15680.0,2021-10-26
2021102604023681,UPPER,50,3,15,623.0,9345.0,2021-10-26
2021102603028788,LICN,41,21,100,1975.0,197500.0,2021-10-26
2021102603028787,NLIC,11,19,41,1730.0,70930.0,2021-10-26
2021102604023680,UPPER,45,57,10,625.0,6250.0,2021-10-26
2021102604023679,UPPER,45,32,190,625.0,118750.0,2021-10-26
2021102601016641,NMB,57,55,100,415.0,41500.0,2021-10-26
2021102604023678,EIC,55,57,100,665.9,66590.0,2021-10-26
2021102603028786,MFIL,57,48,30,1130.0,33900.0,2021-10-26
2021102603028785,MFIL,57,58,20,1130.0,22600.0,2021-10-26
2021102601016640,SRBL,17,43,382,319.8,122163.6,2021-10-26
2021102603028784,RLI,14,57,100,528.0,52800.0,2021-10-26
2021102601016639,SANIMA,50,57,10,403.0,4030.0,2021-10-26
2021102604023677,SJCL,49,52,10,393.9,3939.0,2021-10-26
2021102603028783,GBBL,49,4,700,590.0,413000.0,2021-10-26
2021102601016638,SBL,44,56,135,497.3,67135.5,2021-10-26
2021102601016637,SBL,49,56,19,497.3,9448.7,2021-10-26
2021102601016636,SBL,58,56,30,498.0,14940.0,2021-10-26
2021102601016635,SBL,13,56,50,498.0,24900.0,2021-10-26
2021102601016634,SBL,52,56,66,498.0,32868.0,2021-10-26
2021102603028782,LICN,25,28,10,1985.0,19850.0,2021-10-26
2021102603028781,LICN,25,6,100,1983.0,198300.0,2021-10-26
2021102603028780,LICN,25,53,20,1980.0,39600.0,2021-10-26
2021102603028779,LICN,25,26,45,1980.0,89100.0,2021-10-26
2021102603028778,LICN,25,45,78,1980.0,154440.0,2021-10-26
2021102603028777,SFCL,32,38,33,510.0,16830.0,2021-10-26
2021102603028776,SFCL,38,38,300,510.0,153000.0,2021-10-26
2021102603028775,SFCL,57,38,170,510.0,86700.0,2021-10-26
2021102603028774,SFCL,25,38,300,510.5,153150.0,2021-10-26
2021102603028773,SFCL,49,38,197,515.0,101455.0,2021-10-26
2021102603028772,CHDC,21,57,10,900.0,9000.0,2021-10-26
2021102603028771,KSBBL,1,21,81,719.0,58239.0,2021-10-26
2021102603028770,KSBBL,57,21,100,719.5,71950.0,2021-10-26
2021102603028769,KSBBL,35,21,100,720.0,72000.0,2021-10-26
2021102603028768,KSBBL,45,21,19,720.0,13680.0,2021-10-26
2021102604023676,API,58,58,50,465.0,23250.0,2021-10-26
2021102601016633,NBL,49,41,72,488.0,35136.0,2021-10-26
2021102601016632,NBL,49,41,56,488.0,27328.0,2021-10-26
2021102603028767,MPFL,55,58,10,536.0,5360.0,2021-10-26
2021102604023675,KPCL,57,45,15,596.0,8940.0,2021-10-26
2021102604023674,KPCL,57,34,50,595.8,29790.0,2021-10-26
2021102603028766,NFS,11,48,150,590.0,88500.0,2021-10-26
2021102603028765,FMDBL,42,5,77,1022.0,78694.0,2021-10-26
2021102603028764,FMDBL,42,29,100,1020.0,102000.0,2021-10-26
2021102603028763,FMDBL,42,48,98,1020.0,99960.0,2021-10-26
2021102603028762,FMDBL,42,17,18,1020.0,18360.0,2021-10-26
2021102603028761,FMDBL,42,10,100,1018.0,101800.0,2021-10-26
2021102603028760,FMDBL,42,29,1000,1018.0,1018000.0,2021-10-26
2021102603028759,FMDBL,42,25,50,1018.0,50900.0,2021-10-26
2021102603028758,FMDBL,42,49,1000,1018.0,1018000.0,2021-10-26
2021102603028757,FMDBL,42,56,195,1015.0,197925.0,2021-10-26
2021102603028756,FMDBL,42,45,100,1014.9,101490.0,2021-10-26
2021102603028755,FMDBL,42,38,400,1014.0,405600.0,2021-10-26
2021102603028754,FMDBL,42,42,50,1010.0,50500.0,2021-10-26
2021102603028753,FMDBL,42,22,50,1010.0,50500.0,2021-10-26
2021102603028752,FMDBL,42,58,100,1010.0,101000.0,2021-10-26
2021102603028751,FMDBL,42,36,51,1009.8,51499.8,2021-10-26
2021102603028750,FMDBL,42,42,150,1009.8,151470.0,2021-10-26
2021102603028749,FMDBL,42,44,15,1009.8,15147.0,2021-10-26
2021102603028748,FMDBL,42,38,100,1009.8,100980.0,2021-10-26
2021102603028747,FMDBL,42,17,20,1009.8,20196.0,2021-10-26
2021102603028746,FMDBL,42,34,200,1009.0,201800.0,2021-10-26
2021102603028745,FMDBL,42,29,17,1009.0,17153.0,2021-10-26
2021102603028744,FMDBL,42,48,10,1009.0,10090.0,2021-10-26
2021102603028743,FMDBL,42,20,200,1009.0,201800.0,2021-10-26
2021102603028742,FMDBL,42,28,200,1009.0,201800.0,2021-10-26
2021102603028741,FMDBL,42,16,50,1008.0,50400.0,2021-10-26
2021102603028740,FMDBL,42,5,50,1007.7,50385.0,2021-10-26
2021102603028739,FMDBL,42,44,20,1007.0,20140.0,2021-10-26
2021102603028738,FMDBL,42,13,396,1005.0,397980.0,2021-10-26
2021102603028737,FMDBL,42,35,183,1005.0,183915.0,2021-10-26
2021102604023673,BBC,28,38,15,5301.0,79515.0,2021-10-26
2021102604023672,BBC,49,38,10,5311.0,53110.0,2021-10-26
2021102603028736,ICFC,28,45,150,805.0,120750.0,2021-10-26
2021102603028735,ICFC,28,52,125,805.0,100625.0,2021-10-26
2021102603028734,ICFC,28,53,50,805.0,40250.0,2021-10-26
2021102603028733,ICFC,28,18,10,805.0,8050.0,2021-10-26
2021102603028732,ICFC,28,22,30,805.0,24150.0,2021-10-26
2021102603028731,ICFC,28,58,20,805.0,16100.0,2021-10-26
2021102603028730,ICFC,28,56,390,805.0,313950.0,2021-10-26
2021102603028729,ICFC,28,14,780,804.8,627744.0,2021-10-26
2021102603028728,ICFC,28,34,150,804.0,120600.0,2021-10-26
2021102603028727,ICFC,28,45,50,804.0,40200.0,2021-10-26
2021102603028726,ICFC,28,57,300,801.0,240300.0,2021-10-26
2021102603028725,ICFC,28,28,25,800.0,20000.0,2021-10-26
2021102603028724,ICFC,28,58,10,800.0,8000.0,2021-10-26
2021102603028723,ICFC,28,37,100,800.0,80000.0,2021-10-26
2021102603028722,ICFC,28,37,150,800.0,120000.0,2021-10-26
2021102603028721,ICFC,28,25,660,800.0,528000.0,2021-10-26
2021102603028720,KSBBL,4,55,119,730.0,86870.0,2021-10-26
2021102603028719,KSBBL,4,22,60,730.0,43800.0,2021-10-26
2021102603028718,KSBBL,4,5,50,730.0,36500.0,2021-10-26
2021102603028717,KSBBL,4,25,500,730.0,365000.0,2021-10-26
2021102603028716,KSBBL,4,25,100,729.0,72900.0,2021-10-26
2021102603028715,KSBBL,4,40,100,726.0,72600.0,2021-10-26
2021102603028714,KSBBL,4,38,200,725.0,145000.0,2021-10-26
2021102603028713,KSBBL,4,52,110,725.0,79750.0,2021-10-26
2021102603028712,KSBBL,4,22,10,725.0,7250.0,2021-10-26
2021102603028711,KSBBL,4,28,70,725.0,50750.0,2021-10-26
2021102603028710,KSBBL,4,13,400,725.0,290000.0,2021-10-26
2021102603028709,KSBBL,4,38,300,724.0,217200.0,2021-10-26
2021102603028708,KSBBL,4,13,500,723.0,361500.0,2021-10-26
2021102603028707,KSBBL,4,13,30,723.0,21690.0,2021-10-26
2021102603028706,KSBBL,4,56,200,723.0,144600.0,2021-10-26
2021102603028705,KSBBL,4,34,50,722.8,36140.0,2021-10-26
2021102603028704,KSBBL,4,53,40,722.0,28880.0,2021-10-26
2021102603028703,KSBBL,4,42,298,722.0,215156.0,2021-10-26
2021102603028702,KSBBL,4,38,500,722.0,361000.0,2021-10-26
2021102603028701,KSBBL,4,49,200,722.0,144400.0,2021-10-26
2021102603028700,KSBBL,4,58,50,722.0,36100.0,2021-10-26
2021102603028699,KSBBL,4,37,250,722.0,180500.0,2021-10-26
2021102603028698,KSBBL,4,48,62,722.0,44764.0,2021-10-26
2021102603028697,KSBBL,4,45,500,721.0,360500.0,2021-10-26
2021102603028696,KSBBL,4,21,73,721.0,52633.0,2021-10-26
2021102603028695,KSBBL,4,26,228,720.0,164160.0,2021-10-26
2021102603028694,SHINE,21,50,10,507.9,5079.0,2021-10-26
2021102603028693,CBBL,35,59,10,1720.0,17200.0,2021-10-26
2021102603028692,CBBL,34,59,30,1720.0,51600.0,2021-10-26
2021102603028691,KSBBL,45,49,10,720.0,7200.0,2021-10-26
2021102603028690,PROFL,49,6,45,427.3,19228.5,2021-10-26
2021102601016631,NABIL,39,25,111,1569.0,174159.0,2021-10-26
2021102601016630,NABIL,39,47,39,1568.0,61152.0,2021-10-26
2021102601016629,GBIME,7,16,100,398.9,39890.0,2021-10-26
2021102603028689,GILB,10,21,40,2285.5,91420.0,2021-10-26
2021102603028688,GILB,34,21,100,2290.0,229000.0,2021-10-26
2021102604023671,AKPL,33,44,100,549.0,54900.0,2021-10-26
2021102604023670,SICL,33,56,100,1790.0,179000.0,2021-10-26
2021102603028687,KSBBL,45,11,21,720.0,15120.0,2021-10-26
2021102601016628,SANIMA,11,57,10,403.0,4030.0,2021-10-26
2021102603028686,NLICL,39,45,100,992.0,99200.0,2021-10-26
2021102601016627,CBL,18,58,20,242.8,4856.0,2021-10-26
2021102604023669,KKHC,21,42,20,353.1,7062.0,2021-10-26
2021102604023668,NIL,1,46,25,1310.0,32750.0,2021-10-26
2021102603028685,FOWAD,19,29,10,2833.0,28330.0,2021-10-26
2021102603028684,NTC,58,11,10,1170.0,11700.0,2021-10-26
2021102603028683,NLIC,11,35,59,1730.0,102070.0,2021-10-26
2021102604023667,API,35,58,26,465.0,12090.0,2021-10-26
2021102603028682,CHDC,34,26,500,899.0,449500.0,2021-10-26
2021102601016626,MBL,29,49,200,327.4,65480.0,2021-10-26
2021102604023666,AKJCL,3,42,55,363.0,19965.0,2021-10-26
2021102604023665,AKJCL,3,42,245,363.0,88935.0,2021-10-26
2021102604023664,NHPC,16,1,90,418.4,37656.0,2021-10-26
2021102604023663,NHPC,45,1,10,418.5,4185.0,2021-10-26
2021102603028681,KSBBL,45,41,50,720.0,36000.0,2021-10-26
2021102603028680,LBBL,58,47,20,541.9,10838.0,2021-10-26
2021102604023662,API,6,58,40,465.0,18600.0,2021-10-26
2021102603028679,LBBL,58,45,30,541.0,16230.0,2021-10-26
2021102604023661,API,45,58,10,465.0,4650.0,2021-10-26
2021102603028678,GLICL,44,52,200,589.0,117800.0,2021-10-26
2021102604023660,API,49,58,200,465.0,93000.0,2021-10-26
2021102603028677,GLICL,44,28,100,589.0,58900.0,2021-10-26
2021102604023659,AHPC,41,58,100,479.0,47900.0,2021-10-26
2021102603028676,KSBBL,42,41,100,720.0,72000.0,2021-10-26
2021102603028675,SHINE,42,22,49,508.0,24892.0,2021-10-26
2021102603028674,SHINE,42,34,100,508.0,50800.0,2021-10-26
2021102603028673,SHINE,42,57,21,508.0,10668.0,2021-10-26
2021102603028672,SHINE,42,17,50,507.9,25395.0,2021-10-26
2021102601016625,NMB,46,14,200,415.8,83160.0,2021-10-26
2021102603028671,RSDC,41,34,30,879.1,26373.0,2021-10-26
2021102603028670,NLIC,29,35,20,1730.0,34600.0,2021-10-26
2021102604023658,HGI,10,34,10,659.0,6590.0,2021-10-26
2021102603028669,HIDCL,45,40,15,352.0,5280.0,2021-10-26
2021102603028668,RLFL,32,48,100,579.0,57900.0,2021-10-26
2021102603028667,SWBBL,26,42,20,1594.0,31880.0,2021-10-26
2021102603028666,PLI,45,21,10,609.0,6090.0,2021-10-26
2021102604023657,PSF,59,45,200,9.53,1906.0,2021-10-26
2021102603028665,MLBL,58,33,10,628.0,6280.0,2021-10-26
2021102603028664,ICFC,41,25,125,800.0,100000.0,2021-10-26
2021102603028663,GRDBL,38,34,100,395.0,39500.0,2021-10-26
2021102603028662,GRDBL,45,34,300,395.0,118500.0,2021-10-26
2021102603028661,GRDBL,58,34,100,395.0,39500.0,2021-10-26
2021102603028660,GRDBL,40,34,80,395.0,31600.0,2021-10-26
2021102603028659,GRDBL,52,34,200,395.0,79000.0,2021-10-26
2021102603028658,GRDBL,35,34,50,395.0,19750.0,2021-10-26
2021102603028657,SMFBS,16,22,14,2675.0,37450.0,2021-10-26
2021102604023656,HGI,6,34,500,659.0,329500.0,2021-10-26
2021102603028656,KRBL,32,41,200,428.0,85600.0,2021-10-26
2021102604023655,AKJCL,43,43,80,362.5,29000.0,2021-10-26
2021102604023654,AKJCL,14,43,20,362.6,7252.0,2021-10-26
2021102604023653,HDHPC,4,43,200,334.0,66800.0,2021-10-26
2021102603028655,PFL,43,56,100,639.0,63900.0,2021-10-26
2021102603028654,GBBL,52,4,315,590.0,185850.0,2021-10-26
2021102603028653,GBBL,52,20,50,589.0,29450.0,2021-10-26
2021102603028652,GBBL,52,56,10,589.0,5890.0,2021-10-26
2021102603028651,GBBL,52,13,25,589.0,14725.0,2021-10-26
2021102603028650,KSBBL,52,41,10,720.0,7200.0,2021-10-26
2021102603028649,NLIC,16,35,85,1730.0,147050.0,2021-10-26
2021102603028648,NLIC,16,40,10,1730.0,17300.0,2021-10-26
2021102603028647,NLIC,16,25,105,1730.0,181650.0,2021-10-26
2021102603028646,SAPDBL,29,42,200,395.0,79000.0,2021-10-26
2021102603028645,SAPDBL,29,57,546,395.0,215670.0,2021-10-26
2021102603028644,CFCL,57,38,500,558.0,279000.0,2021-10-26
2021102603028643,PROFL,10,6,110,427.3,47003.0,2021-10-26
2021102603028642,KSBBL,6,41,40,720.0,28800.0,2021-10-26
2021102603028641,KSBBL,6,49,60,720.0,43200.0,2021-10-26
2021102603028640,SFCL,1,36,46,517.9,23823.4,2021-10-26
2021102604023652,AKPL,33,41,120,549.0,65880.0,2021-10-26
2021102604023651,AKPL,33,44,100,549.0,54900.0,2021-10-26
2021102604023650,AKPL,33,25,130,549.0,71370.0,2021-10-26
2021102601016624,SBI,42,42,100,350.0,35000.0,2021-10-26
2021102604023649,NHPC,42,50,13,418.5,5440.5,2021-10-26
2021102603028639,GFCL,22,34,50,728.2,36410.0,2021-10-26
2021102603028638,GFCL,44,34,50,729.0,36450.0,2021-10-26
2021102603028637,NIFRA,29,16,250,354.8,88700.0,2021-10-26
2021102603028636,NIFRA,29,26,40,354.0,14160.0,2021-10-26
2021102603028635,NIFRA,29,58,50,354.0,17700.0,2021-10-26
2021102603028634,NIFRA,29,47,160,354.0,56640.0,2021-10-26
2021102603028633,KSBBL,14,49,50,720.0,36000.0,2021-10-26
2021102603028632,SLICL,50,1,57,834.5,47566.5,2021-10-26
2021102601016623,NABIL,50,47,56,1568.0,87808.0,2021-10-26
2021102604023648,GIC,45,56,46,573.0,26358.0,2021-10-26
2021102603028631,KSBBL,35,49,60,720.0,43200.0,2021-10-26
2021102603028630,KSBBL,35,56,30,720.0,21600.0,2021-10-26
2021102603028629,LBBL,26,48,10,540.0,5400.0,2021-10-26
2021102603028628,LBBL,26,4,50,540.0,27000.0,2021-10-26
2021102603028627,KSBBL,35,45,10,720.0,7200.0,2021-10-26
2021102604023647,DHPL,35,57,50,341.0,17050.0,2021-10-26
2021102603028626,FMDBL,21,11,450,996.0,448200.0,2021-10-26
2021102603028625,NLBBL,21,18,95,1422.0,135090.0,2021-10-26
2021102603028624,KSBBL,57,1,100,719.5,71950.0,2021-10-26
2021102601016622,NABIL,1,47,100,1568.0,156800.0,2021-10-26
2021102603028623,HIDCL,45,49,76,352.0,26752.0,2021-10-26
2021102603028622,GBBL,14,58,33,588.0,19404.0,2021-10-26
2021102603028621,GBBL,1,58,50,588.0,29400.0,2021-10-26
2021102601016621,PRVU,47,37,68,401.0,27268.0,2021-10-26
2021102601016620,PRVU,47,34,10,401.0,4010.0,2021-10-26
2021102601016619,PRVU,47,57,30,401.0,12030.0,2021-10-26
2021102603028620,CBBL,41,17,10,1723.0,17230.0,2021-10-26
2021102603028619,JBBL,41,38,100,520.0,52000.0,2021-10-26
2021102603028618,MLBL,52,33,100,627.0,62700.0,2021-10-26
2021102603028617,MLBL,52,33,400,627.0,250800.0,2021-10-26
2021102601016618,NBL,17,34,20,488.9,9778.0,2021-10-26
2021102604023646,PIC,54,45,20,1035.0,20700.0,2021-10-26
2021102604023645,PIC,54,11,180,1035.0,186300.0,2021-10-26
2021102603028616,ICFC,8,25,1000,800.0,800000.0,2021-10-26
2021102604023644,CGH,42,51,200,1452.0,290400.0,2021-10-26
2021102601016617,NABIL,44,47,50,1568.0,78400.0,2021-10-26
2021102601016616,NABIL,58,47,55,1568.1,86245.5,2021-10-26
2021102604023643,BPCL,49,34,29,517.9,15019.1,2021-10-26
2021102604023642,AKPL,36,25,100,549.0,54900.0,2021-10-26
2021102601016615,CZBIL,34,46,11,307.0,3377.0,2021-10-26
2021102604023641,UMHL,52,45,191,472.0,90152.0,2021-10-26
2021102604023640,UMHL,57,45,200,472.0,94400.0,2021-10-26
2021102604023639,UMHL,41,45,10,472.0,4720.0,2021-10-26
2021102601016614,NICA,20,58,27,835.0,22545.0,2021-10-26
2021102601016613,NICA,20,17,50,834.0,41700.0,2021-10-26
2021102601016612,NICA,20,49,109,833.0,90797.0,2021-10-26
2021102601016611,NICA,20,16,660,833.0,549780.0,2021-10-26
2021102601016610,NICA,20,55,101,832.9,84122.9,2021-10-26
2021102601016609,NICA,20,5,53,830.0,43990.0,2021-10-26
2021102603028615,NIFRA,57,47,20,354.0,7080.0,2021-10-26
2021102603028614,KSBBL,57,21,10,721.0,7210.0,2021-10-26
2021102603028613,NIFRA,50,38,30,353.3,10599.0,2021-10-26
2021102603028612,NIFRA,34,38,20,353.3,7066.0,2021-10-26
2021102604023638,SHPC,7,28,55,413.0,22715.0,2021-10-26
2021102604023637,SHPC,41,28,10,413.0,4130.0,2021-10-26
2021102603028611,KSBBL,32,10,43,720.1,30964.3,2021-10-26
2021102604023636,SHPC,34,28,200,413.0,82600.0,2021-10-26
2021102604023635,SHPC,41,28,50,413.0,20650.0,2021-10-26
2021102604023634,SHPC,16,28,10,413.1,4131.0,2021-10-26
2021102604023633,SHPC,49,28,100,413.2,41320.0,2021-10-26
2021102604023632,SHPC,56,28,30,413.2,12396.0,2021-10-26
2021102604023631,SHPC,50,28,50,414.1,20705.0,2021-10-26
2021102601016608,KBL,50,4,340,279.0,94860.0,2021-10-26
2021102601016607,MBL,49,49,74,327.4,24227.6,2021-10-26
2021102603028610,SLICL,47,56,311,834.0,259374.0,2021-10-26
2021102603028609,SLICL,47,56,89,834.0,74226.0,2021-10-26
2021102603028608,SLICL,47,56,10,834.0,8340.0,2021-10-26
2021102603028607,SLICL,47,56,25,834.0,20850.0,2021-10-26
2021102603028606,SLICL,47,56,65,834.3,54229.5,2021-10-26
2021102603028605,CFCL,38,35,80,559.0,44720.0,2021-10-26
2021102603028604,LICN,25,56,10,1980.0,19800.0,2021-10-26
2021102603028603,LICN,25,58,500,1975.0,987500.0,2021-10-26
2021102603028602,LICN,25,25,40,1975.0,79000.0,2021-10-26
2021102603028601,LICN,25,50,460,1975.0,908500.0,2021-10-26
2021102603028600,MLBL,21,33,679,628.0,426412.0,2021-10-26
2021102603028599,MLBL,21,34,221,628.0,138788.0,2021-10-26
2021102603028598,MLBL,21,32,100,627.9,62790.0,2021-10-26
2021102601016606,SANIMA,58,57,10,403.0,4030.0,2021-10-26
2021102603028597,DDBL,42,6,39,1298.0,50622.0,2021-10-26
2021102604023630,AHPC,21,48,70,478.9,33523.0,2021-10-26
2021102604023629,HPPL,4,48,50,482.0,24100.0,2021-10-26
2021102604023628,PICL,48,57,260,700.0,182000.0,2021-10-26
2021102604023627,PICL,48,34,500,700.0,350000.0,2021-10-26
2021102604023626,PICL,48,41,140,700.0,98000.0,2021-10-26
2021102604023625,PICL,48,25,10,700.0,7000.0,2021-10-26
2021102604023624,PICL,48,48,40,699.0,27960.0,2021-10-26
2021102604023623,PICL,48,38,50,698.0,34900.0,2021-10-26
2021102603028596,DDBL,33,47,23,1298.0,29854.0,2021-10-26
2021102603028595,DDBL,44,47,200,1298.5,259700.0,2021-10-26
2021102603028594,RMDC,19,33,195,1571.2,306384.0,2021-10-26
2021102603028593,RMDC,26,33,30,1572.0,47160.0,2021-10-26
2021102601016605,NMB,57,14,10,415.8,4158.0,2021-10-26
2021102604023622,BARUN,57,5,50,484.4,24220.0,2021-10-26
2021102604023621,UNHPL,58,17,394,373.8,147277.2,2021-10-26
2021102604023620,UNHPL,3,17,606,373.8,226522.8,2021-10-26
2021102603028592,SADBL,13,13,50,400.0,20000.0,2021-10-26
2021102604023619,API,47,34,146,465.0,67890.0,2021-10-26
2021102604023618,API,42,34,105,465.0,48825.0,2021-10-26
